2508 3882
450 170 677 221 --Η-
1036 170 1102 235 215

91 334 165 416 πρὸς
190 328 319 407 ἁπάσας
341 330 401 406 τδις
422 329 564 414 ἡδονάς,
592 330 667 395 ὅσαι
691 331 830 416 ἄρχουσι
853 331 957 416 νέων,
985 331 1102 418 ἐγκρα-

90 440 152 521 τής,
173 437 211 501 τά
233 460 268 501 τε
293 438 407 501 δίκαια
431 435 493 502 ούκ
515 433 580 501 άπὸ
603 439 711 520 νόμον
730 441 858 521 μᾶλλον
876 436 1021 522 ἀνάγκης
1045 439 1100 503 διδι

88 554 247 629 τιμωριῶν
271 541 347 620 δέος
371 541 528 620 ἀκούσιος
554 541 754 627 ἀποδιδούς,
781 540 853 608 ἀλλ’
881 540 965 609 ἐκάν
988 541 1101 609 τεκαὶ

88 651 236 735 πεφυκὼς
264 652 349 735 πρὸς
372 649 457 714 αύτδι
481 643 535 732 εὖ,
561 646 617 713 καὶ
640 645 713 714 οὐδ’
741 647 779 716 ἐν
801 648 917 733 ἀρετῆς
940 650 1039 737 μοίρρι
1061 651 1099 714 τὸ

88 752 190 840 μηθὲν
213 755 345 821 άδικεῖν
367 751 553 838 τιθέμενος,
577 755 618 820 ού
642 757 748 838 μόνον
770 752 797 819 τ’
824 754 922 831 αὐτὸς
945 753 1099 838 ἁγνεύειν
1126 777 1140 819 ι

87 863 147 928 άπὸ
168 862 276 946 πάσης
298 864 415 938 κακίας
437 862 729 947 προθυμούμενος,
757 859 841 926 ἀλλὰ
864 858 916 925 καί
941 863 1019 938 τούς
1041 863 1099 926 άλ-

86 974 161 1045 λονς
177 969 464 1054 προσαναγκάζειν
482 968 635 1033 δικαιῶν·
659 970 878 1053 μεγαλόφρων
899 989 933 1031 τε
956 964 1011 1032 καὶ
1035 968 1133 1037 δω-2

85 1077 258 1161 ρηματικὸς
287 1072 343 1140 καὶ
374 1077 422 1151 εἰς
451 1073 686 1158 ἐπανόρθωσιν
715 1067 762 1139 ῶν
790 1071 914 1162 ἑκάστω
939 1070 1009 1138 δέοι
1031 1083 1099 1138 τῶν

84 1185 186 1266 φίλων
193 1230 203 1265 ,
236 1181 337 1246 ὁπότε
366 1183 482 1265 γνοίη,
513 1182 783 1265 προχειρότατος,
814 1180 854 1244 τά
883 1171 917 1245 τε
946 1179 1097 1245 πολιτικά

83 1288 234 1374 πράττειν
258 1286 399 1376 οὐδενὸς
425 1289 546 1372 χείρων
574 1297 641 1350 τῶν
666 1283 958 1372 ἀριστοκρατικῶν·
986 1282 1042 1350 καὶ
1067 1287 1099 1350 εί
1111 1308 1137 1348 ιο

83 1396 123 1478 μὴ
144 1396 182 1460 τὸ
201 1392 381 1470 στασιάζον
398 1400 457 1476 της
473 1394 600 1468 πόλεως
619 1388 774 1476 ἐμποδὼν
792 1391 984 1467 αὐτοῦτοῖς
1002 1395 1096 1456 πολι-

82 1501 237 1584 τεύμασιν
261 1497 404 1584 ἐγένετο,
427 1500 586 1583 μεγίστην
609 1496 651 1563 δν
673 1496 694 1581 ἡ
716 1495 886 1582 ἷΡωμαίων
908 1499 1004 1572 πόλις
1026 1495 1096 1560 ἐπί-

83 1607 173 1672 δοσιν
209 1607 258 1684 είς
290 1607 474 1689 ἡγεμονίαν
507 1603 544 1669 ἐκ
575 1614 641 1668 τῶν
679 1602 809 1670 ἐκείνου
845 1603 1094 1686 πολιτευμάτων

83 1715 203 1798 ἔλαβεν.
252 1709 326 1778 ἀλλ’
353 1710 394 1777 ού
422 1712 486 1796 γάρ
517 1709 555 1776 ἐν
582 1711 714 1798 δυνατῷ
742 1705 786 1792 ἦν
812 1710 879 1795 ἅμα
905 1710 1011 1787 πάσας
1036 1710 1095 1786 τὰς

83 1818 194 1905 ἀρετὰς
227 1817 263 1885 ἐν
298 1817 482 1902 ἀνθρώπου
512 1812 671 1900 γενέσθαι
697 1817 812 1900 φύσει,
844 1812 924 1882 οὐδὲ
955 1816 1099 1900 φύσεταί
1109 1837 1134 1878 ιε

82 1949 126 2002 τις
151 1925 218 1992 άπὸ
242 1931 381 2008 θνητῶν
408 1920 463 1987 καὶ
487 1921 654 2008 ἐπικήρων
682 1922 877 2007 σπερμάτων
898 1919 974 2008 περὶ
996 1921 1092 1989 πάντ’

82 2030 213 2116 άγαθός.

33 2149 81 2199 1650
139 2137 226 2203 LXI.
259 2134 393 2224 Ἐκείνω
416 2133 448 2218 γ’
475 2129 537 2201 οὖν
560 2136 680 2211 ταύτας
702 2135 720 2201 δ
744 2135 874 2218 δαίμων
896 2135 953 2210 τάς
975 2135 1093 2220 άρετδις

80 2241 296 2330 γαρισάμεύος
329 2239 441 2328 ἑτέρας
473 2241 534 2306 οὐκ
566 2240 714 2326 εὐτυχεῖς
739 2239 842 2324 κῆράς
870 2263 903 2304 τε
931 2237 986 2305 καὶ
1013 2242 1093 2318 άτας

80 2359 235 2435 προσῆψε.
282 2351 320 2415 τὸ
343 2348 407 2434 γὰρ
429 2349 520 2435 πρᾳὺ
542 2345 598 2413 καί
621 2349 766 2433 φαιδρὸν
789 2346 851 2412 ούκ
877 2345 960 2430 ἐπῆν
988 2347 1091 2413 αὐτοῦ
1106 2368 1133 2408 εο

80 2467 142 2534 τοῖς
170 2460 322 2542 τρόποις,
350 2451 429 2521 οὐδὲ
456 2456 493 2519 τὸ
522 2456 764 2534 θεραπευτικὸν
786 2463 854 2518 τῶν
875 2457 976 2530 πέλας
998 2455 1036 2518 ἐν
1058 2451 1085 2518 τ’

82 2561 262 2648 ἀσπασμοῖς
288 2559 344 2628 καὶ
366 2560 687 2646 προσαγορεύσεσιν,
715 2555 796 2625 οὐδὲ
823 2560 864 2643 δὴ
893 2560 930 2624 τὸ
959 2558 1091 2624 εὐδιάλ-

82 2672 197 2736 λακτον
220 2666 276 2734 καὶ
299 2664 535 2754 μετριοπαθές,
565 2665 663 2732 ὁπότε
686 2663 724 2730 δι’
758 2665 858 2751 ὀργῆς
880 2688 926 2754 τρε
949 2664 1092 2750 γένοιτο,

83 2772 154 2840 οὐδὲ
179 2775 199 2858 η
222 2775 330 2840 πάντα
353 2774 393 2839 τδι
416 2771 615 2858 ἀνθρώπινα
638 2770 861 2856 ἐπικοσμοῦσα
884 2771 990 2858 χάρις·
1015 2771 1086 2839 ἀλλ’

84 2877 126 2944 άεὶ
152 2883 270 2967 πικρὸς
296 2877 352 2945 καὶ
381 2881 519 2966 χαλεπὸς
546 2874 598 2962 ἧν.
648 2879 752 2944 ταῦτά
783 2902 817 2944 τε
852 2880 893 2964 δὴ
922 2879 1025 2946 αὐτὸν
1053 2861 1130 2976 ἐνὲ5

83 2991 211 3071 πολλοῖς
235 2988 369 3070 ἔβλαψε,
391 2982 447 3051 καὶ
470 2984 604 3050 πάντων
623 2984 763 3068 μάλιστα
781 2984 801 3068 ἡ
821 2983 896 3071 περὶ
916 2986 956 3052 τδ
979 2989 1090 3052 δίκαια

148 3148 182 3197 14
201 3141 271 3197 άλλδι
290 3140 343 3211 γὰρ
363 3135 394 3196 ἐν
413 3141 545 3213 ἀδυνάτῳ
564 3140 665 3195 suidas
680 3158 701 3196 s,
715 3159 741 3196 v.
756 3141 890 3214 Μάρκιος
905 3143 910 3213 Ι
926 3142 982 3214 άρα
998 3143 1090 3206 πάσας

86 3209 149 3267 oet
167 3213 269 3268 Suidas
292 3211 351 3282 ἅμα
374 3211 467 3275 πάσας
488 3210 633 3281 Kiessling
741 3219 774 3268 15
794 3213 913 3282 φύσεται
938 3215 960 3268 Ο
987 3214 1090 3283 φύεται

10 3307 11 3312 1
87 3279 178 3338 Suidas
250 3290 285 3339 20
305 3287 397 3362 πρᾷον
417 3299 439 3340 ο.
460 3281 548 3339 Οοοοῖ
567 3282 632 3337 Obs.
650 3301 678 3352 p.
694 3290 745 3340 166
772 3287 776 3354 Ι
802 3281 915 3354 ἐπῆνΟ
939 3287 968 3338 οῖ
987 3284 1089 3342 Suidas

88 3345 146 3421 ἐνῆν
163 3354 308 3425 Kiessling
407 3359 440 3409 22
460 3353 713 3424 προσαγορεύσεσιν
732 3355 758 3409 Α
776 3358 806 3410 οῖ
825 3355 924 3410 Suidas
948 3375 1089 3429 προσαγο-

10 3487 11 3502 ρ
87 3423 171 3492 ρεύσει
187 3425 212 3480 R
283 3432 318 3482 26
336 3429 448 3490 πολλοῖς
466 3423 597 3496 πολέμοις
615 3424 665 3480 AO
