2484 3876
476 231 637 280 -Ζ-
1020 226 1063 292 85

66 385 224 473 ηργμένοις
245 390 354 474 ἔργοις
375 388 554 456 ἀκόλουθα.
600 391 632 454 εί
654 387 684 455 δ’
707 387 951 476 αὐθαδέστερος
974 392 1064 456 ἔσται

66 499 174 576 μᾶλλον
197 494 219 579 ἢ
243 497 468 582 μετριώτερος,
489 493 546 562 καλ
568 497 629 580 την
652 498 779 581 βουλὴν
802 495 935 575 ἀξιώσει
957 497 1064 562 πάντα

64 602 207 668 κίνδυνον
232 598 276 667 δι’
300 601 419 668 ἑαυτὸν
441 602 637 688 ὑπομένειν,
663 605 768 687 κακὴν
790 599 851 687 μὲν
874 597 991 687 ἧτταν,
1014 605 1064 668 αί-

64 709 148 792 σχράν
179 705 218 773 δὲ
245 711 343 793 νίκην
370 719 440 786 τοῖς
462 715 629 775 πεισθεῖσι
651 710 837 794 προσάψειν
861 709 964 776 αὐτὸν
986 707 1064 773 ἀπέ-

62 834 180 898 φαινεν·
212 809 257 899 ἦν
283 812 312 879 τ’
338 813 485 881 ἐνταῦθα
511 818 616 893 πολὺς
643 816 890 902 ὀλοφυρόμενος
918 813 1063 881 καὶτῶν
1091 837 1103 878 ε

61 924 370 1007 καταλαμβανόντων
397 933 507 988 κακῶν
535 923 592 999 τὰς
618 925 731 1000 πόλεις
759 921 796 988 ἐν
818 933 890 999 ταῖς
913 923 1063 1006 διχοστα-

62 1032 132 1106 σίαις
156 1030 197 1094 τὰ
221 1027 359 1113 μέγιστα
381 1027 435 1096 καλ
458 1031 673 1116 φανερώτατα
696 1028 934 1115 ἐπιλεγόμενος.

18 1151 61 1199 1439
116 1135 186 1199 LV.
221 1135 365 1213 Διεξιὼν
393 1131 430 1201 δέ
456 1145 558 1202 ταῦτα
585 1138 666 1220 μετὰ
688 1140 822 1202 πολλῶν
846 1135 1000 1221 δακρύων
1023 1133 1064 1200 οὐ

60 1253 282 1326 προσποιητῶν
304 1239 361 1308 καλ
382 1242 635 1328 πεπλασμένων,
664 1240 734 1308 ἀλλ’
762 1243 952 1327 ἀληθινῶν,
979 1239 1063 1324 ἀνὴρ

59 1347 176 1430 ἡλικίας
199 1372 235 1414 τε
257 1347 313 1413 καὶ
336 1348 452 1436 ἀρετῆς
474 1349 606 1427 ἀξιώσει
629 1350 798 1436 προῦχων,
821 1349 866 1426 ώς
888 1351 993 1434 ἐμαθε
1015 1370 1105 1412 att-10

59 1456 216 1541 καόμενον
250 1453 302 1521 ἐπὶ
334 1467 404 1533 τοῖς
431 1455 622 1542 λεγομένοις
648 1459 685 1523 τὸ
713 1454 909 1542 συνέδριον,
941 1453 976 1520 ἐκ
1004 1464 1064 1519 τοῦ

58 1565 294 1649 τεθαρρηκότος
315 1564 379 1648 ἤδη
402 1566 440 1629 τὸ
463 1566 581 1631 λοιπὸν
605 1563 760 1649 ἐξύφαινε
783 1573 850 1630 τῶν
873 1565 995 1645 λόγων
1022 1561 1066 1624 Ec

58 1668 90 1733 δέ
109 1693 198 1747 τινες
220 1670 332 1754 ὑμῶν,
362 1664 388 1734 ἀ)
410 1673 602 1754 βουλευταί,
625 1667 749 1754 λέγων,
771 1669 985 1752 ταράττονται
1008 1667 1065 1733 δο-

56 1785 185 1852 κοῦντες
208 1778 289 1854 ἔθος
312 1776 456 1859 εἰσάγειν
479 1779 627 1862 πονηρὸν
650 1777 697 1854 είς
719 1778 780 1860 τὴν
803 1780 914 1859 πόλιν,
937 1774 995 1840 ἐάν
1018 1783 1063 1862 τῷ

57 1882 141 1970 δημφ
170 1886 405 1968 συγχωρήσητε
427 1893 541 1968 ψῆφον
566 1882 734 1968 ἐπιφέρειν
756 1884 838 1948 κατά
860 1893 927 1948 τῶν
950 1903 1064 1968 πατρι-
1078 1901 1103 1942 15

55 1992 145 2072 κίων,
173 1986 230 2054 καλ
259 1985 307 2054 ἐπ’
335 1989 449 2056 οὐδενὶ
479 1989 597 2080 ἀγαθτβ
626 1993 796 2074 νομίζουσι
823 1991 885 2074 την
912 2000 978 2054 τῶν
1007 1990 1065 2071 δη-

55 2095 184 2180 μάρχων
208 2093 363 2173 ἐξουσίαν
386 2099 513 2181 πολλὴν
538 2099 635 2182 ίσχὺν
658 2100 828 2181 λαβοῦσαν
851 2099 1064 2181 γενήσεσθαι,

55 2199 249 2282 μαθέτωσαν
275 2200 517 2287 ἁμαρτάνοντες
544 2204 643 2288 <της>
666 2201 764 2286 δόξης
785 2200 841 2266 καὶ
863 2200 1020 2266 τάναντία
1043 2200 1063 2283 ἢ

55 2317 215 2392 προσῆκεν
242 2308 467 2394 ὑπειληφότες.
513 2311 545 2374 εί
570 2310 633 2395 γάρ
660 2333 692 2374 τι
718 2306 774 2375 καλ
797 2310 879 2373 ἀλλο
903 2309 1099 2392 σωτηρίας2

56 2419 153 2480 αίτιον
179 2415 272 2478 ἐσται
294 2424 333 2500 τῇ
351 2418 446 2481 πόλει
464 2416 542 2501 τῇδε
560 2414 616 2480 καὶ
634 2425 693 2482 τοῦ
712 2414 874 2500 μηδέποτε
892 2415 954 2497 τὴν
973 2412 1063 2478 ἐλευ-
1078 2434 1104 2473 εο

55 2524 167 2604 θερίαν
198 2516 282 2605 μηδέ
310 2523 371 2605 την
398 2524 495 2607 ίσχὺν
523 2521 762 2608 ἀφαιρεθῆναι,
792 2521 1002 2607 ὁμονοοῦσαν
1030 2515 1062 2584 δ’

11 2623 96 2690 Ιλεοίελ
121 2625 181 2692 καλ
210 2636 270 2715 μιᾷ
298 2629 412 2714 γνώμη
438 2626 513 2708 περὶ
536 2629 670 2694 πάντων
693 2625 866 2715 χρωμένην
890 2628 1064 2711 διατελεῖν,

55 2731 186 2816 όδῆμος
199 2735 391 2811 αἰτιώτατος
409 2736 498 2799 ἐσται
518 2736 815 2821 συμπαραληφθεὶς
833 2731 887 2798 ἐπὶ
905 2734 945 2798 τά
961 2735 1065 2820 πράγ-

54 2860 141 2919 ματα·
175 2837 233 2904 καλ
260 2841 297 2906 τὸ
325 2841 369 2924 μὴ
393 2844 473 2924 μίαν
495 2837 581 2907 εἶναι
604 2844 665 2925 τὴν
688 2843 882 2907 διοικοῦσαν
905 2841 945 2905 τὰ
968 2841 1064 2907 κοινά

52 2949 219 3011 πολιτείαν
247 2947 390 3030 ἄκρατον
414 2947 516 3030 <μήτε
539 2950 743 3033 μοναρχίαν>
770 2945 844 3031 μήτ’
870 2947 1064 3032 ὀλιγαρχίαν
1079 2964 1105 3004 25

114 3146 210 3194 ὁτῶν
230 3139 328 3194 om.A
403 3145 434 3192 12
453 3140 485 3194 τὸ
504 3143 600 3194 λεῖπον
620 3137 642 3191 Β
661 3154 715 3193 om.
734 3139 760 3193 R
779 3142 783 3211 1
805 3134 937 3208 ἐξέφαινε
957 3137 979 3192 Ο
1004 3133 1065 3203 ἐξό-

50 3226 130 3273 φαινε
150 3209 278 3278 Sylburg
293 3209 297 3278 Ι
313 3209 362 3264 τόν
381 3207 464 3279 λόγον
482 3209 558 3264 ABa
632 3216 663 3264 17
686 3212 900 3283 προσλαβοῦσαν
919 3225 942 3264 ο.
960 3207 1064 3262 Reiske

51 3283 78 3332 18
96 3287 146 3348 τῆς
166 3280 233 3335 εδδ.
252 3279 397 3349 Kiossling
420 3284 424 3350 Ι
449 3277 586 3336 τάναντία
603 3280 781 3350 προσήκοντα
800 3283 825 3335 Α
847 3301 870 3336 τ.
889 3278 907 3348 ἦ
926 3279 961 3333 τὰ
979 3297 1001 3332 π
1019 3294 1066 3332 οσ-

51 3347 152 3413 ἠκοντα
171 3350 195 3404 Β
214 3352 352 3406 τάναντία
365 3349 383 3419 ἢ
397 3351 533 3422 προσήκει
546 3352 646 3407 Portus
665 3373 687 3406 τ.
702 3349 720 3420 ἢ
734 3361 876 3423 προσῆκεν
895 3349 984 3405 Cobet
999 3298 1064 3403 ὅδε.

51 3428 145 3486 p.147
221 3428 254 3477 21
279 3421 346 3493 μήτε
366 3422 389 3477 Ο
413 3423 484 3494 μηδὲ
502 3422 648 3492 Kiessling
723 3430 756 3476 ‘22
779 3423 885 3477 τούτων
905 3420 926 3474 O
950 3419 1064 3473 πάντων

54 3487 172 3562 Sylburg
244 3499 278 3548 25
298 3493 365 3565 μήτε
385 3497 541 3565 μοναρχίαν
561 3493 624 3546 add.
644 3492 789 3560 Kiessling
