2496 3878
522 218 683 267 -Ζ-
1090 213 1110 276 9

116 378 263 462 ἐπισημων
289 375 346 442 καὶ
374 381 478 461 λόγου
506 377 607 456 ἀξίων
635 375 758 444 οὐδένα
785 373 1011 463 κατέγραψαν,
1043 374 1111 442 ἐπι-

115 483 245 562 λέξαντες
275 481 313 548 δέ
345 487 425 562 τοὺς
457 483 689 570 ἀπορωτάτους
720 503 754 547 τε
782 479 837 548 καί
866 481 1112 568 πονηροτάτους

113 603 168 656 τῶν
193 592 393 674 δημοτικῶν,
422 589 454 668 ἐξ
483 585 531 656 ὧν
553 589 608 656 άεί
627 612 720 666 τινας
742 589 939 655 ὑπιπτευον
962 609 1112 670 νεωτερι-

113 697 216 780 σμούς,
243 696 280 762 ἐκ
307 699 436 764 ταύταν
462 700 721 782 συνεπλήρωσαν
744 697 803 762 τὸν
826 693 1024 761 άπόστολον
1056 692 1111 760 καὶ

28 829 30 832 ·
111 813 179 878 ναῦς
207 801 288 867 δέκα
314 804 457 880 παλαιάς
483 804 619 868 κάκιστα
646 803 811 878 πλεούσας
837 801 1112 882 καθελκύσαντες,
1139 821 1152 862 5

110 903 150 972 ὧν
173 908 410 996 ἐτριηράρχουν
439 910 474 975 οί
498 907 690 975 πενέστατοι
713 910 892 992 Κυμαίων,
919 908 966 984 είς
993 907 1113 984 ταύτας

111 1015 216 1091 αὐτοὺς
233 1015 434 1101 ἐνεβίβασαν
452 1016 602 1082 θάνατον
621 1015 866 1098 ἀπειλήσαντες,
891 1011 949 1077 ἐάν
967 1037 1016 1089 τις
1034 1011 1113 1078 άπο-

110 1126 218 1206 λειφθη
242 1130 302 1206 τῆς
325 1125 502 1208 στρατείας.

67 1245 109 1293 1³23
164 1227 218 1292 VI.
249 1225 287 1290 ‘O
311 1226 341 1293 δ’
365 1227 600 1316 Ἀριστόδημος
622 1237 782 1296 τοσοῦτον
806 1227 908 1294 είκδιν
931 1229 1047 1311 μόνον,
1070 1226 1114 1303 ὡς

110 1333 142 1398 οὐ
167 1332 310 1418 λέληθεν
337 1333 440 1401 αὐτὸν
467 1333 487 1417 ἡ
517 1334 648 1401 διάνοια
675 1345 742 1399 τῶν
770 1333 918 1420 ἐχθρῶν,
950 1333 1001 1399 ὅτι
1024 1335 1112 1420 λόγῳ
1127 1353 1152 1390 1⁰

110 1435 159 1522 μὲν
181 1439 233 1504 ἐπὶ
259 1444 449 1526 συμμαχίαν
472 1440 574 1506 αὐτὸν
596 1439 874 1522 ἀποστέλλουσιν,
897 1442 983 1526 ἔργῳ
1007 1435 1037 1504 δ’
1066 1440 1113 1516 είς

109 1540 270 1628 προῦπτον
297 1549 458 1632 ὄλεθρον,
486 1545 615 1632 δέχεται
641 1543 702 1631 μὲν
729 1549 790 1630 την
814 1549 1028 1629 στρατηγίαν,
1055 1544 1113 1609 ἀν-

109 1648 212 1733 αχθεὶς
229 1648 265 1716 δ’
282 1652 349 1735 ἅμα
367 1663 435 1728 τοῖς
453 1650 610 1739 πρέσβεσι
629 1663 696 1717 τῶν
711 1647 893 1736 Ἀρικηνῶν
912 1651 968 1715 διδι
987 1648 1113 1735 ταχέων

108 1754 153 1820 καὶ
169 1759 206 1822 τὸ
225 1757 349 1840 μεταξὺ
368 1757 509 1841 πέλαγος
525 1757 689 1834 ἐπιπόνως
702 1755 754 1821 καί
770 1758 985 1834 κινδυνωδῶς
999 1757 1114 1821 διανύ-

109 1879 157 1940 σας
170 1863 337 1949 ὁρμίζεται
355 1864 437 1928 κατά
450 1866 528 1940 τοὺς
541 1866 674 1946 ἔγγιστα
688 1872 745 1947 τῆς
755 1860 915 1949 Ἀρικείας
929 1863 1111 1946 αἰγιαλούς·
1128 1879 1152 1930 1⁵.

108 1967 153 2033 καὶ
177 1971 370 2035 καταλιπὼν
398 1969 435 2036 ἐν
461 1957 534 2048 ταῖς
556 1967 656 2036 ναυσί
678 1970 833 2054 φυλακην
856 1969 1054 2055 ἀποχρῶσαν
1077 1967 1114 2034 ἐν

108 2081 139 2158 τῇ
164 2077 281 2161 πρώτη
308 2072 402 2142 νυκτί
429 2076 490 2160 τὴν
518 2074 582 2141 ἀπὸ
610 2077 782 2158 θαλάσσης
808 2076 890 2142 ὁδὸν
919 2076 959 2141 ού
985 2076 1114 2158 πολλὴν

109 2175 203 2245 οὖσαν
232 2182 395 2258 διανύσας
422 2180 627 2267 ἐπιφαίνεται
655 2193 724 2258 τοῖς
744 2179 928 2267 Ἀρικηνοῖς
953 2179 1029 2265 περὶ
1056 2183 1114 2246 τὸν

108 2287 227 2374 ὄρθρον
252 2285 508 2373 ἀπροσδόκητος.
544 2286 686 2381 θέμενος
709 2284 746 2354 δέ
766 2291 909 2372 πλησίον
927 2286 1037 2352 αὐτῶν
1055 2288 1149 2351 τὸνθ

109 2393 225 2477 χάρακα
253 2393 309 2458 καὶ
335 2397 413 2471 τοὺς
439 2397 724 2480 καταπεφευγότας
751 2397 799 2470 είς
824 2395 864 2458 τά
889 2396 977 2477 τείχη
1001 2395 1115 2469 πείσας
1129 2410 1155 2450 2⁰

108 2506 282 2583 προελθεῖν
309 2501 355 2576 είς
381 2500 551 2587 ὕπαιθρον
578 2501 795 2585 προύκαλεῖτο
819 2503 897 2575 τοὺς
923 2502 1116 2585 Τυρρηνοὺς

109 2606 201 2684 εὐθὺς
225 2609 276 2684 είς
298 2607 414 2692 μάχην.
449 2606 633 2691 γενομένου
657 2605 743 2671 δ’ἐκ
761 2605 969 2692 παρατάξεως
987 2605 1116 2690 ἀγῶνος

108 2723 262 2799 καρτεροῦ
291 2714 326 2778 οί
350 2710 411 2798 μὲν
430 2710 598 2800 Ἀρικηνοὶ
625 2715 753 2800 βραχὺν
778 2712 866 2778 πάνυ
890 2714 1116 2797 διαμείναντες

108 2823 223 2902 χρόνον
258 2817 429 2884 ἐνέκλιναν
462 2819 599 2906 ἀθρόοι,
631 2817 686 2884 καὶ
719 2821 843 2901 γίνεται
872 2819 973 2883 πάλιν
1003 2819 1050 2894 είς
1078 2818 1114 2882 τὸ

109 2936 205 3010 τεῖχος
233 2924 345 2991 αὐτῶν
371 2929 474 3010 φυγή·
508 2925 526 2991 ὁ
552 2923 584 2991 δ’
606 2923 842 3011 Ἀριστόδημος
864 2927 928 2989 σὺν
951 2935 1019 3000 τοῖς
1040 2920 1115 3010 περὶ
1129 2938 1155 2979 2⁵

67 3031 204 3098 ιειιαύτὸν
232 3032 350 3116 λογάσι
373 3034 535 3116 Κυμαίων
563 3033 688 3115 ὀλίγοις
716 3025 791 3096 οὖσι
818 3039 885 3095 πᾶν
912 3032 949 3096 τὸ
974 3040 1034 3096 τού
1056 3051 1116 3095 πο-

172 3187 505 3261 3ύπ<ώ>ιττευ<ο>νΒ
561 3188 698 3250 ’ίαύτοδις
716 3203 769 3241 om.
789 3187 814 3239 A
868 3182 1048 3257 8στρατείας
1066 3184 1115 3239 BC

111 3267 234 3326 στρατιᾶς
249 3259 275 3312 R
325 3264 357 3312 15
373 3257 527 3330 ἈρικίαςΒ
578 3264 611 3312 16
631 3255 662 3313 ἐν
678 3259 699 3313 0
715 3254 762 3313 ἐπὶ
775 3256 919 3324 Kiessling
968 3262 1001 3309 17
1021 3256 1116 3328 κράτη

110 3328 154 3396 τὴν
171 3329 231 3384 ἀπὸ
247 3333 278 3384 θ.
294 3329 363 3385 ὁδὸν
381 3330 461 3385 νυκτί
480 3330 503 3385 Ο
517 3335 629 3399 praeter
645 3331 664 3382 B
719 3335 753 3382 22
772 3326 924 3397 γενομένου
939 3325 966 3381 δ’
980 3322 1011 3380 ἐκ
1025 3346 1117 3395 παρα-

111 3399 207 3465 τάξεως
231 3401 337 3469 ἀγῶνος
361 3401 385 3454 Α
404 3401 449 3456 cb
474 3399 627 3470 γενομένης
649 3399 681 3454 δὲ
700 3397 881 3469 παρατάξεως
899 3396 948 3450 καί
966 3397 1073 3464 ἀγῶνος
1091 3396 1116 3446 R

112 3470 154 3523 sed
172 3471 209 3527 cf.
228 3471 268 3525 ΠΙ
287 3479 329 3541 32,
347 3479 363 3526 3
383 3472 405 3542 (I
423 3477 484 3539 340,
504 3475 531 3541 4)
1224 3481 1225 3485 ’
