2496 3878
169 227 212 292 62
594 229 756 278 -z-

167 397 225 473 τῆς
249 390 342 473 δίκης
360 385 551 473 ἐφιστάντες
571 388 685 463 αὐτοῖς
702 390 821 474 φόβον.
867 386 969 473 ἀρχὰς
987 384 1049 472 μὲν
1065 389 1112 472 δὴ
1131 386 1185 453 καὶ
1224 387 1227 394 ’

167 496 345 580 προεδρίας
371 493 425 561 καὶ
453 496 547 580 τιμάς
573 505 643 572 τοϊς
670 493 770 579 ἀρετῇ
793 491 848 558 καὶ
870 493 953 580 τύχη
976 495 1240 580 προῦχουσινιλο·

167 601 261 684 ἡμῶν
284 602 424 684 οἰόμεθα
448 602 520 666 δεῖν
541 597 730 684 ἀπονέμειν·
755 600 791 664 τὸ
811 595 849 664 δὲ
868 596 974 685 μηδὲν
992 599 1185 667 ἀδικεῖσθαι

167 705 281 772 καὶτὸ
306 708 399 783 δίκας
422 700 469 771 ὧν
492 707 534 772 άν
556 729 606 783 τις
627 705 720 792 πάθη
746 707 977 792 προσηκούσας
1001 707 1185 792 λαμβάνειν

141 819 223 878 ιίσα
241 811 296 878 καὶ
315 813 410 878 κοινά
424 823 493 890 τοῖς
511 813 578 897 ἅμα
596 809 865 897 πολιτευομένοις
878 808 964 878 εἶναι
979 813 1186 898 δικαιοῦμεν.

132 926 152 990 6
167 920 276 1004 ὥσπερ
294 914 357 984 οὖν
375 929 442 984 τῶν
460 925 619 1004 λαμπρῶν
633 916 688 982 καὶ
706 918 858 1001 μεγάλων
871 916 1071 1005 ἀφιστάμεθ’
1089 919 1185 1004 ὑμῖν,

166 1025 272 1102 οὕτως
284 1037 351 1090 τῶν
366 1032 448 1090 ίσων
462 1021 517 1088 καὶ
535 1034 658 1090 κοινῶν
677 1023 718 1089 οὐ
736 1020 931 1108 μεθιέμεθα.
968 1024 1066 1090 ίκανα
1083 1023 1178 1092 ταῦτ’

167 1133 313 1217 είρήσθω
335 1129 411 1217 περὶ
434 1140 494 1195 τοῦ
517 1130 649 1195 δικαίου
671 1135 806 1195 πολλῶν
825 1129 972 1196 ἐνόντων
990 1129 1045 1196 καὶ
1068 1132 1185 1197 άλλων

166 1235 331 1321 λέγεσθαι.

127 1364 153 1404 ιο
233 1341 400 1408 ΧΧΧΧΙΙ.
428 1339 482 1419 Ὡς
510 1338 546 1406 δὲ
569 1340 623 1408 καὶ
646 1343 795 1407 συνοίσει
818 1339 863 1429 τῷ
886 1351 990 1431 κοινῷ
1011 1339 1109 1407 ταῦθ’
1137 1343 1187 1420 ὡς

166 1449 184 1515 ὁ
213 1450 317 1535 δῆμος
345 1447 433 1527 άξιοῑ
465 1451 639 1532 γινόμενα,
675 1448 775 1534 μικρὰ
807 1446 987 1525 διεξιόντος
1018 1446 1189 1534 ἀνέχεσθέ

53 1579 61 1594 “
165 1555 282 1640 (μου).
304 1554 384 1641 φέρε
399 1554 474 1640 γάρ,
493 1559 527 1619 εί
536 1578 585 1630 τις
598 1554 683 1637 ὑμᾶς
701 1554 822 1640 ἔροιτο,
839 1557 875 1619 τί
889 1553 1045 1638 μέγιστον
1064 1561 1187 1621 οίεσθε

165 1658 251 1726 εἶναι
269 1672 337 1726 τῶν
354 1663 674 1746 καταλαμβανόντων
692 1671 803 1726 κακῶν
821 1661 879 1738 τὰς
897 1664 1020 1745 πόλεις,
1044 1659 1099 1726 καὶ
1117 1673 1187 1728 τοῦ

165 1771 318 1852 ταχίστου
342 1777 408 1832 τῶν
431 1764 584 1852 ὀλέθρων
607 1773 730 1851 αίτιον,
758 1761 810 1852 ἆρ’
838 1765 913 1854 οὐχὶ
942 1768 1004 1851 τὴν
1028 1769 1190 1853 διχοστα-

125 1854 241 1969 Ξσίαν
268 1869 383 1938 είποιτ’
415 1874 471 1952 ἄν;
506 1870 578 1957 ἐμοὶ
610 1882 695 1957 γοῦν
722 1874 822 1939 δοκεῖ.
865 1877 922 1951 τίς
949 1874 1055 1960 <γὰρ>
1082 1874 1188 1959 ὑμῶν

164 1979 270 2056 οὕτως
287 1980 420 2064 ἠλίθιός
438 1978 527 2044 ἐστιν
546 1977 566 2063 ἢ
586 1981 698 2056 σκαιὸς
711 1977 731 2063 ἣ
746 1976 829 2064 πόροι
843 1989 903 2045 τοῦ
917 1983 1052 2065 μετρίου
1069 1993 1189 2065 μισῶν

164 2087 225 2170 τὴν
253 2088 443 2172 ἰσηγορίαν,
470 2085 507 2162 ὃς
534 2084 595 2150 οὐκ
623 2079 731 2168 οἶδεν,
763 2085 814 2150 ότι
842 2086 1000 2170 δοθείσης
1029 2085 1191 2165 ἐξουσίας

163 2200 209 2279 τῷ
242 2192 335 2280 δήμω
367 2195 494 2276 κρίνειν
526 2191 565 2267 ἃς
596 2189 721 2268 ἔξεστιν
753 2191 842 2278 αὐτῷ
879 2192 974 2270 δίκας
1004 2194 1086 2258 κατά
1118 2197 1238 2261 τὸν141

163 2302 269 2382 νόμον
283 2297 320 2364 ἐν
334 2299 473 2384 ὁμονοίᾳ
486 2299 761 2380 πολιτευσόμεθα,
775 2299 807 2361 εί
819 2293 856 2362 δὲ
870 2296 1030 2363 τάναντία
1044 2303 1190 2384 γνοίητε

123 2423 149 2464 νο
163 2402 218 2470 καὶ
246 2401 420 2490 ἀφέλοισθ’
446 2403 540 2487 ἡμῶν
569 2404 630 2486 τὴν
654 2401 863 2485 ἐλευθερίαν·
892 2402 1089 2491 ἐλευθερίαν
1113 2408 1190 2494 γὰρ

163 2509 390 2597 ἀφαιρήσεσθε
403 2511 506 2594 δίκην
523 2506 578 2574 καί
596 2512 702 2592 νόμον
716 2507 970 2594 ἀφαιρούμενοι·
990 2511 1191 2590 στασιάζειν

161 2615 246 2699 ἡμᾶς
268 2612 368 2693 αὖθις
391 2616 590 2700 ἀναγκάσετε
613 2612 668 2680 καί
690 2620 846 2699 πολεμεῖν
869 2616 965 2699 ὑμϊν;
993 2615 1025 2696 ἐξ
1049 2611 1089 2700 ἧς
1112 2619 1192 2706 γὰρ

162 2719 204 2785 άν
228 2719 388 2805 ἐξελασθῇ
407 2725 534 2797 πόλεως
552 2721 626 2804 δίκη
645 2719 700 2785 καὶ
718 2724 832 2806 νόμος,
855 2724 902 2799 είς
921 2723 1043 2807 ταύτην
1062 2723 1194 2804 στάσις
1235 2759 1236 2777 ι

127 2827 416 2912 3είσπορεόεσθαι
443 2831 536 2910 φιλεί
560 2823 615 2891 καὶ
642 2828 793 2910 πόλεμος.
837 2826 893 2893 καὶ
924 2829 997 2894 ὅσοι
1024 2825 1086 2912 μέν
1113 2831 1195 2897 οὐκ

43 1865 57 1902 “ι

233 3015 684 3087 1δφιστάντεςοοοπ,ΒοίεΙεο
761 3020 874 3088 θυμῶν
893 3020 969 3074 ΑΒο,
987 3020 1107 3092 <ό>μῶν
1132 3023 1194 3078 Bb
1233 3053 1234 3058 =

161 3105 229 3142 corr.
250 3088 373 3143 Sintenis
391 3089 451 3145 Em.
471 3089 550 3144 Dion.
570 3089 597 3141 ΙΙ
610 3094 644 3143 36
705 3088 788 3143 ὁκαὶ
808 3107 860 3146 om.
880 3092 907 3144 A
924 3091 1008 3146 κοινδι
1025 3099 1097 3145 πᾶσι
1116 3102 1195 3158 τοῖς
1233 3115 1234 3146 1

160 3177 183 3216 ο,
202 3158 346 3229 Kiessling
419 3166 450 3214 11
466 3159 626 3226 διεξιόντων
641 3157 663 3211 O
685 3160 838 3225 διεξιόντος
852 3179 874 3216 ο.
890 3160 1062 3231 Grasberger
1078 3161 1197 3220 Philo·
1233 3179 1234 3209 ι

159 3230 242 3299 logus
261 3236 295 3286 28
315 3234 407 3298 (1869)
426 3237 519 3299 [1649
594 3236 626 3283 12
645 3229 728 3299 *μον
747 3231 847 3285 addidi
879 3291 883 3299 ¹
921 3239 952 3286 15
971 3233 1037 3294 *τίς
1055 3233 1142 3301 ὑμῶν
1165 3238 1196 3290 Ο
1232 3269 1233 3274 =

160 3303 202 3363 τίς
219 3300 251 3355 δὲ
270 3301 316 3356 vel
334 3303 375 3364 τίς
393 3300 427 3355 θ’
448 3318 471 3355 ο.
492 3301 614 3370 Sylburg
631 3302 672 3361 τίς
691 3298 741 3356 οὖν
762 3302 864 3357 Reiske
883 3302 937 3373 γὰρ
956 3302 1055 3356 addidi
1148 3314 1197 3364 20

160 3403 307 3474 ἀφέλησθε
326 3409 350 3460 Α
369 3405 510 3476 όφέλεσθε
529 3407 551 3459 Β
570 3391 712 3476 άφέλέόθε
730 3407 750 3462 0
769 3405 925 3477 ἀφέλοισθε
944 3408 1065 3478 Sylburg
1150 3421 1199 3469 23

161 3471 299 3546 ἐξελασθῇ
319 3477 339 3532 0
359 3473 480 3548 ἐξελαθῇ
498 3478 524 3530 R
595 3485 629 3533 24
649 3479 823 3551 πορεύεσθαι
841 3480 866 3532 Α

1156 3744 1167 3758 ·
1227 3679 1231 3832 1
