2538 3884
527 222 695 276 -Θ-
1053 221 1116 286 341

99 387 182 461 τοὺς
214 382 456 468 ποιησομένους
484 384 545 467 την
574 394 642 450 τῶν
671 385 804 469 κλήρων
835 385 1007 470 διανομήν.
1059 385 1155 450 τοῦ4

101 487 140 556 δὲ
168 491 216 575 μὴ
239 501 306 557 τῶν
329 492 440 557 ἄλλων
462 491 554 567 τινὰς
576 490 711 556 ὑπάτων
734 491 827 574 λέγειν
850 488 904 556 έπλ
926 491 988 574 τὴν
1011 491 1120 575 δίκην,

101 597 236 662 δώδεκα
267 596 457 682 γενομένων
487 607 554 662 τῶν
587 594 706 681 μεταξὺ
737 595 897 682 ἀρχείων,
927 593 985 681 ἀφ’
1013 591 1054 660 οὗ
1081 597 1119 662 τὸ

100 704 340 788 προβούλευμα
372 703 515 790 έγροίφη,
546 704 685 781 τούτους
717 699 754 768 δὲ
783 700 1013 788 προβαλέσθαι
1042 704 1120 778 τοὺς

101 811 230 897 ἄνδρας
257 813 381 894 μόνους
405 817 465 894 τῆς
491 813 694 895 ψευσθείσης
716 808 940 896 ὑποσχέσεως,
966 807 1119 885 ἐπιεικεῖς
1146 832 1159 872 ι

102 919 224 1002 ἔφερεν
255 919 375 994 αίτίας·
417 914 473 981 καὶ
504 921 667 983 τελευτῶν
699 919 762 1002 ἔφη
800 919 910 1001 μόνως
940 915 983 982 δν
1015 915 1120 992 οὕτως

101 1022 358 1108 ἀναγκασθῆναι
375 1025 454 1100 τοὺς
473 1020 510 1088 έν
526 1021 610 1109 ἀρχῇ
624 1020 688 1089 τότ’
708 1025 806 1102 ὄντας
819 1022 966 1099 ὑπάτους
978 1026 1119 1106 κληρου-

102 1137 201 1212 χῆσαι
219 1129 281 1212 τὴν
299 1137 374 1212 γῆν,
392 1127 452 1194 ε’δν
470 1125 603 1214 ἑτέρους
620 1129 714 1206 τινὰς
733 1129 830 1195 ίδωσι
850 1131 946 1214 δίκην
960 1137 1005 1218 τῷ
1025 1129 1119 1218 δήμῳ

104 1235 272 1320 διδόντας,
294 1233 559 1320 ἐνθυμηθέντας,
582 1235 633 1302 ὅτι
653 1234 709 1302 καί
728 1239 844 1322 σφίσιν
863 1235 976 1313 αὐτοῖς
994 1237 1120 1320 συμβή-

103 1357 194 1408 σεται
217 1341 318 1408 ταύτὸ
340 1348 474 1408 παθεῖν.
1069 1325 1071 1339 ’
1134 1363 1160 1404 ιο

171 1445 358 1515 XXXVIII.
400 1446 498 1530 Ταῦτ’
520 1449 624 1516 εἰπὼν
646 1445 701 1514 καὶ
723 1446 951 1533 παρακαλέσας
974 1449 1120 1524 ἅπαντας

105 1555 198 1637 ἥκειν
223 1552 277 1620 έπλ
299 1556 361 1639 την
385 1557 494 1639 δίκην,
516 1553 593 1622 καθ’
618 1556 717 1641 ίερῦν
739 1552 767 1620 τ’
790 1553 914 1638 ὀμόσας
935 1548 956 1638 ᾗ
980 1554 1046 1638 μὴν
1064 1552 1120 1637 έμ-

105 1659 220 1744 μένειν
245 1673 316 1739 τοῖς
344 1661 564 1747 ἐγνωσμένοις
587 1659 642 1728 καλ
664 1662 753 1748 πύση
775 1664 950 1748 προθυμίᾳ
971 1670 1040 1726 τῶν
1061 1659 1120 1726 ἀν-

35 1769 198 1852 ιεετδρῦν
225 1779 437 1854 κατηγορεῖν,
464 1767 590 1854 ἡμέραν
616 1781 791 1854 προεῖπεν,
819 1768 856 1835 έν
884 1761 905 1854 ᾖ
931 1769 994 1853 τὴν
1022 1769 1120 1852 δίκην

105 1875 242 1958 ἔμελλεν
269 1873 478 1941 ἐπιτελέσειν.
524 1879 603 1952 τοὺς
629 1872 667 1941 δὲ
689 1878 897 1961 πατρικίους,
925 1876 969 1953 ὡς
991 1876 1120 1960 ἔμαθον
1135 1893 1160 1935 1⁵

104 1989 224 2066 ταῦτα,
255 1985 341 2049 πολὺ
373 1981 450 2060 δέος
479 1981 661 2068 εἰσέρχεται
692 1980 748 2048 καί
779 1985 934 2069 φροντίς,
964 1981 1030 2071 ὅτῳ
1057 1983 1119 2066 χρη

103 2091 216 2176 τρόπῳ
243 2090 322 2167 τούς
346 2086 374 2155 τ’
400 2091 525 2176 ἄνδρας
548 2089 752 2155 ἐκλύσασθαι
775 2097 832 2174 τῆς
855 2089 961 2164 αίτίας
982 2084 1038 2152 καί
1060 2096 1120 2152 τοῦ

104 2194 308 2278 δημαγωγοῦ
331 2196 368 2260 τὸ
390 2195 521 2280 θράσος
542 2194 699 2280 ἐπισχεῖν.
739 2192 795 2260 καλ
818 2195 860 2277 δὴ
884 2191 1038 2259 ἐδέδοκτο
1062 2193 1120 2258 αὐ-

103 2311 189 2384 τοῖς,
218 2306 253 2365 εί
274 2325 306 2367 τι
333 2305 516 2387 ψηφίσαιτο
543 2303 626 2368 κατὰ
651 2309 708 2386 τῆς
730 2300 832 2387 ἀρχῆς
853 2310 921 2365 τῶν
942 2299 1077 2365 ὑπάτων
1101 2300 1119 2365 ὁ

104 2407 226 2490 δῆμος,
253 2408 297 2490 μὴ
326 2405 512 2494 ἐπιτρέπειν
534 2407 623 2490 αύτῷ
646 2407 729 2472 κατὰ
751 2407 789 2472 τὸ
812 2409 971 2494 καρτερὸν
995 2404 1118 2472 ἐνιστα·
1134 2427 1160 2466 so

103 2511 227 2596 μένους
246 2509 308 2586 ,καὶ
334 2514 367 2577 εί
393 2509 463 2579 δέοι
491 2509 546 2578 καλ
569 2514 617 2589 είς
639 2513 724 2578 ὅπλα
746 2520 944 2597 χωροῦντας.
989 2511 1031 2578 ού
1054 2513 1155 2596 μην2

105 2616 225 2703 ἐδέησέ
241 2641 278 2701 γε
297 2629 365 2685 τῶν
383 2622 503 2704 βιαίων
522 2619 662 2696 οὐδενὸς
680 2619 792 2698 αὐτοῖς
808 2629 942 2704 ταχεῖαν
961 2621 1121 2703 λαβόντος

102 2735 164 2791 τοῦ
186 2725 351 2792 κινδύνου
373 2722 429 2791 καί
446 2723 637 2810 παράδοξον
655 2726 716 2809 την
734 2726 845 2792 λύσιν·
869 2734 945 2810 μιᾶς
963 2727 1026 2813 γὰρ
1044 2725 1122 2812 ἡμέ-

102 2855 163 2917 ρας
187 2831 290 2914 ούσης
312 2833 361 2897 ἔτι
383 2837 501 2915 λοιπῆς
522 2839 562 2917 τῇ
586 2832 662 2918 δίκη
681 2835 798 2919 νεκρὸς
816 2833 976 2910 Γενύκιος
994 2829 1047 2898 ἐπὶ
1065 2841 1123 2918 τῆς

103 2935 226 3004 ἑαυτοῦ
248 2940 361 3022 κοίτης
382 2936 519 3023 εὑρέθη,
542 2949 680 3022 σημεῖον
704 2935 805 3005 οὐδὲν
829 2941 915 3024 έχων
937 2941 1013 3006 οὔτε
1038 2958 1122 3025 σφα-
1135 2958 1161 3000 ιε

175 3126 329 3184 3δέκαΒ
419 3135 481 3184 4π
482 3128 671 3214 ροβύλλεσθαι
688 3131 714 3184 Α
805 3131 894 3186 Ὶάεί
907 3149 976 3185 ποτε
995 3129 1120 3192 ὅνταςο.

101 3199 207 3256 ΒοὶεΙτε
273 3207 306 3256 10
325 3201 381 3256 *τὸ
399 3201 469 3256 αὐτὸ
482 3150 511 3255 0
530 3202 637 3256 correxi
700 3208 732 3256 12
751 3196 820 3271 ἦγεν
839 3200 862 3256 0
883 3199 962 3270 ἥκειν
981 3200 1119 3290 Sylburgfl

100 3267 284 3412 8‘”⁸‘1'2⁶I23
301 3277 433 3398 λαίΐλ
432 3270 598 3398 ληγωῖλω
617 3271 807 3399 ⁰20K³a⁰2⁸⁹2³¹¹ffi
862 3273 901 3398 δέ
914 3270 1122 3409 XXIIII

102 3421 138 3470 24
159 3421 210 3482 τῆς
233 3363 361 3484 &tuffo
338 3414 442 3485 Οπρδ
459 3422 509 3485 τῆς
527 3354 650 3484 dimoc.
660 3343 774 3470 λδέέελιέ
797 3421 830 3485 τῇ
850 3415 916 3487 δίκη
935 3327 1122 3484 ωρΚὶοεοΙιός

102 3490 137 3541 25
157 3491 269 3555 σφαγῆς
287 3483 347 3542 οὔτ’
369 3503 422 3542 om
441 3487 466 3539 A
