2484 3876
184 209 246 274 106
605 211 765 259 -Ζ-

181 377 253 448 πίας
279 373 410 456 ἔχοντες
435 371 495 435 τὸν
523 367 725 453 Οὐαλέριον,
751 365 811 454 ὑφ’
838 364 880 436 οὗ
906 366 1098 444 πεισθέντες
1125 364 1191 432 ἕπε’·
1221 367 1222 374 ’

181 488 306 561 τρεψαν
328 485 374 564 τῷ
399 477 493 565 δήμω
516 476 577 559 τὴν
600 476 711 558 δίκην·
734 469 777 558 ἦν
800 472 828 541 τ’
850 476 977 560 οίμωγη
995 471 1050 540 καὶ
1069 472 1192 557 δάκρυα

182 593 250 648 τῶν
273 583 506 669 οἰκτειρόντων
528 603 562 647 τε
585 578 640 646 καὶ
663 583 926 667 προπεμπόντων
948 582 1008 646 τὸν
1030 579 1190 664 Μάρκιον.
1222 602 1223 664 γ

147 689 283 766 θαύτὸς
310 687 342 754 δ’
369 690 388 756 ό
415 688 569 772 Μάρκιος
596 683 666 753 οὔτ’
694 685 986 771 ἀνακλαυσάμενος
1013 687 1114 771 ώφθη
1141 685 1193 761 τὰς
1222 675 1223 688 ’

155 795 287 861 ταὺτοῦ
313 796 413 882 τύχας
440 790 510 860 οὔτ’
538 792 726 877 ἀποιμώξας
748 791 818 860 οὔτ’
843 795 925 859 ἄλλο
949 793 1052 858 είπών
1076 791 1097 876 ἦ
1120 791 1193 874 δρά-

182 918 242 979 σας
270 900 406 980 ἀνάξιον
433 909 490 985 τῆς
513 897 633 965 ἑαυτοῦ
655 899 951 985 μεγαλοφροσύνης
974 895 1047 965 οὐδ’
1072 898 1192 964 ὁτιοῦν·
1223 936 1224 960 ι

182 1010 230 1075 έτι
263 1004 300 1072 δὲ
331 1011 459 1092 μᾶλλον
491 1003 636 1087 ἐδήλωσε
668 1007 730 1090 τὴν
762 1005 979 1088 γενναιότητα
1010 1001 1067 1069 καὶ
1095 1002 1193 1087 <την>

182 1116 357 1199 καρτερίαν
384 1121 442 1196 τῆς
470 1112 619 1195 γνώμης,
646 1110 759 1195 ἐπειδὴ
782 1112 895 1178 οίκαδε
919 1109 1121 1195 ἀφικόμενος
1142 1133 1194 1192 γν-

182 1217 281 1284 ναίκά
298 1215 328 1283 τ’
345 1213 413 1284 εἶδε
432 1214 625 1302 καὶμητέρα
639 1214 952 1304 καταρρηγνυμένας
964 1217 1042 1292 τοὺς
1055 1213 1194 1292 πέπλους
1224 1283 1225 1290 ¹

142 1345 169 1384 10
182 1323 237 1390 καὶ
263 1325 304 1389 τὰ
327 1322 447 1410 στέρνα
471 1324 656 1400 τυπτούσας
677 1321 732 1388 καλ
756 1315 810 1389 οἷα
833 1325 920 1399 είκός
943 1321 1034 1387 ἐστιν
1058 1307 1225 1387 &aznot-144

183 1431 297 1508 αάταις
319 1440 507 1515 συμφοραῖς
528 1427 638 1513 λέγειν
661 1430 718 1506 τάς
740 1425 1027 1513 ἀποζευγνυμένας
1049 1426 1116 1493 ἀπὸ
1134 1438 1194 1492 τῶν

183 1536 453 1620 ἀναγκαιοτάτων
485 1538 580 1620 σφίσι
610 1535 771 1612 θανάτοις
798 1534 818 1620 ἢ
846 1545 968 1620 φυγαῖς
997 1532 1194 1617 ἀναβοώσας.
1225 1605 1226 1616 ¹

150 1638 291 1707 3οώθέν
314 1642 376 1727 γάρ
399 1642 482 1726 πρὸς
503 1641 543 1705 τά
567 1641 695 1727 δάκρυα
717 1638 772 1706 καί
794 1643 872 1718 τοὺς
889 1642 1040 1725 θρήνους
1056 1649 1126 1704 τών
1142 1663 1194 1721 γυ-

183 1758 309 1812 ναικῶν
323 1749 460 1831 ἔπαθεν,
478 1745 710 1832 ἀσπασάμενος
728 1745 759 1812 δ’
778 1747 879 1824 αὐτάς
892 1748 1009 1830 μόνον,
1022 1742 1085 1811 καὶ
1097 1767 1194 1828 παρα-

142 1876 169 1915 ιε
184 1850 323 1928 καλέσας
341 1855 501 1935 γενναίως
519 1851 634 1938 φέρειν
652 1853 710 1929 τὰς
729 1852 913 1938 συμφοράς,
931 1853 1010 1929 τούς
1027 1875 1063 1918 τε
1082 1851 1194 1925 παῖδας
1226 1937 1227 1942 ¹

183 1959 297 2035 αὐταῖς
318 1955 645 2044 παρακαταθέμενος·
668 1958 686 2024 ὁ
710 1959 773 2044 γὰρ
796 1959 1018 2043 πρεσβύτερος
1040 1968 1110 2023 τῶν
1126 1957 1193 2021 παί-

183 2068 253 2131 δων
275 2060 318 2149 ἦν
342 2061 420 2128 δέκα
443 2065 588 2147 γεγονώς
610 2067 678 2149 έτη,
700 2064 719 2130 ὁ
742 2060 780 2130 δέ
801 2065 961 2147 νεώτερος
984 2067 1032 2129 έτι
1054 2061 1194 2146 ὑπαγκά-

182 2177 266 2248 λιος·
290 2172 371 2237 ἀλλο
396 2167 425 2236 δ’
449 2166 554 2237 οὐθέν
577 2171 653 2236 οὔτε
675 2171 1011 2256 φιλοφρονησάμενος
1032 2170 1132 2254 (οὔτε
1150 2170 1194 2233 δι-

183 2277 421 2362 οικησάμενος)
452 2267 502 2352 οἷς
531 2277 579 2352 είς
607 2277 669 2360 τὴν
697 2278 810 2361 φυγὴν
839 2279 1023 2362 χρήσεσθαι
1053 2278 1193 2360 ἔμελλεν,

143 2407 170 2446 ιο
183 2382 270 2472 ἐξῄει
299 2384 381 2449 κατὰ
409 2383 563 2466 σπουδὴν
592 2378 645 2447 ἐπὶ
675 2382 732 2460 τὰς
758 2384 864 2459 πύλας
891 2379 1009 2449 οὐθενί
1038 2382 1193 2465 δηλώσας,

183 2491 258 2557 ὅποι
281 2491 343 2574 τὴν
366 2487 561 2572 ἀπαλλαγὴν
582 2489 764 2571 ποιήσοιτο.

249 2594 402 2661 LXVIII.
435 2591 578 2678 Ὀλίγαις
605 2592 637 2659 δ’
662 2594 804 2681 ὕστερον
831 2591 967 2680 ἡμέραις
988 2600 1115 2678 καθάμιε
1137 2588 1192 2676 μὲν

184 2701 202 2767 ὁ
221 2712 287 2766 τῶν
306 2699 524 2785 ἀρχαιρεσιῶν
542 2704 666 2785 καιρός,
684 2701 804 2767 ὕπατοι
823 2698 854 2766 δ’
870 2700 1116 2787 ἀπεδείχθησαν
1132 2698 1192 2764 ὑπὸ

183 2815 243 2872 τοῦ
266 2807 374 2890 δήμου
393 2808 536 2882 Κόιντος
554 2809 757 2884 Σουλπίκιος
774 2810 962 2893 Καμερῖνος
983 2805 1037 2872 καὶ
1057 2804 1227 2890 Σέργιοςιιι

257 3005 269 3052 1
293 2994 504 3070 π<ει>σθέντες
521 2998 544 3052 Β
618 3005 634 3053 7
652 2997 701 3052 καί
718 2997 770 3067 τὴν
788 3001 939 3069 καρτερίαν
958 3015 982 3053 ο.
1000 2996 1142 3066 Kiessling
1160 2993 1191 3048 cf.

184 3068 300 3123 Suidam
325 3087 346 3124 ε.
367 3086 393 3124 v.
416 3068 548 3139 Μάρκιος
621 3076 653 3124 13
680 3068 733 3138 γὰρ
757 3068 867 3123 αδδ.Β
940 3076 972 3123 16
997 3065 1191 3139 παραθέμενος

182 3140 235 3194 ΑΒ
253 3138 526 3209 παρακαταθέμενος
548 3157 572 3196 ο.
590 3139 693 3195 Reiske
719 3147 723 3203 Ι
748 3140 763 3194 ὁ
782 3139 836 3210 γὰρ
855 3171 889 3180 -
907 3142 1019 3194 παίδων
1038 3139 1102 3194 add.
1120 3138 1191 3204 Bmg

184 3219 217 3268 18
241 3213 307 3336 ροελ
325 3209 606 3300 φιλοφρονησάμενος
630 3210 695 3265 add.
715 3210 838 3280 Sylburg
860 3210 924 3266 οάτε
943 3211 1036 3292 λαβὼν
1055 3209 1098 3265 vol
1118 3205 1191 3262 aliud

184 3283 246 3337 simi
261 3299 284 3350 e,
303 3281 406 3336 Reiske
426 3282 474 3337 οότ
502 3277 713 3352 ἐπιφερόμενος,
733 3280 855 3336 Sintenis
874 3282 934 3336 Em.
953 3279 1034 3336 D10n.
1054 3282 1113 3336 124
1132 3277 1189 3334 οάτε

184 3351 399 3422 διοικησάμενος
412 3352 505 3406 verbis
515 3353 579 3408 VIII
594 3358 664 3422 41,b
679 3352 756 3420 coll.;
771 3369 808 3406 an
822 3351 1117 3422 κατασκευασάμενοςθ
1160 3353 1190 3401 θ1

184 3456 255 3512 ὅπου
280 3458 334 3510 ΑΒ
358 3443 429 3512 όπδλ)
449 3457 469 3512 C
