2484 3876
509 155 678 206 -Η-
1036 149 1099 214 14‘1

98 308 154 378 τιν’
179 309 332 399 ἀπεῖχον
359 313 423 380 ἀπὸ
446 325 514 380 τῶν
536 323 655 398 τειχῶν
676 317 857 400 μαχόμενοι
880 310 936 380 καὶ
957 315 1102 391 πολλοὺς

97 427 154 482 τῶν
168 415 342 503 ’πολεμίων
364 417 587 508 κατέτρωσαν·
611 416 718 486 ἔπειθ’
740 420 805 487 ὑπὸ
829 431 896 486 τῶν
917 421 1101 505 σφενδονη·

93 534 150 588 τῶν
175 522 456 611 ἀναστελλόμενοι
483 524 540 592 καὶ
564 523 660 612 μέχρι
682 527 794 611 δείλης
818 526 916 604 ὀψίας
938 531 1101 593 ταλαιπω-

91 637 216 713 ροῦντες
252 633 361 699 πολλὰ
398 630 480 720 μέρη
517 641 578 698 τοῦ
613 635 742 717 τείχους
778 630 938 711 ἐξέλιπον.
1001 631 1136 699 τοῦτοὸ

90 739 286 820 καταμαθὼν
315 739 334 806 ὁ
362 739 518 825 Μάρκιος
548 749 618 816 τοῖς
648 735 711 823 μέν
740 740 855 816 ἄλλοις
887 739 1100 824 στρατιώταις
1128 759 1141 800 ε

87 843 282 927 παρήγγειλε
308 848 470 930 κλίμακας
495 843 698 931 προσφέρειν
720 845 802 910 κατὰ
824 846 864 910 τὰ
886 844 1101 929 γυμνούμενα

88 947 159 1034 μίρη
191 961 257 1017 τοῦ
289 953 487 1036 περιβόλου,
520 949 620 1028 αὐτὸς
651 947 690 1016 δὲ
721 953 799 1028 τοὺς
825 954 1020 1036 κρατίστους
1045 958 1102 1033 τῆς

87 1067 234 1139 στρατιᾶς
267 1057 446 1140 ἀναλαβὼν
478 1055 531 1124 ἐπὶ
562 1057 620 1134 τὰς
651 1057 758 1134 πύλας
786 1058 870 1122 ἵεται
897 1059 1102 1142 βαλλόμενος

87 1159 143 1227 ἀπὸ
171 1174 244 1230 τῶν
270 1165 426 1250 πύργων,
455 1161 511 1229 καὶ
538 1162 717 1251 διαρρήξας
743 1166 821 1241 τοὺς
848 1165 993 1249 μοχλοὺς
1018 1183 1101 1248 παρ-

87 1264 207 1353 έρχεται
236 1281 368 1356 πρῶτος
395 1272 443 1347 είς
466 1271 528 1354 τὴν
550 1272 658 1336 πόλιν.
704 1263 747 1352 ἢν
770 1266 800 1335 δ’
823 1269 1008 1353 ὑφεστηκὸς
1028 1279 1101 1346 ταῖς
1115 1291 1141 1330 ιο

86 1375 198 1453 πύλαις
226 1379 314 1442 πολὺ
342 1374 399 1442 καὶ
425 1377 588 1462 καρτερὸν
615 1386 733 1460 στῖφος
760 1386 827 1440 τῶν
852 1379 1036 1460 πολεμίων,
1068 1377 1104 1440 οἳ

88 1477 238 1565 δέχονταί
258 1479 287 1548 τ’
306 1482 409 1548 αὐτὸν
428 1482 621 1569 ἐρρωμένως
638 1479 694 1548 καί
712 1480 808 1569 μέχρι
825 1487 953 1548 πολλοῦ
972 1481 1101 1565 διεκαρ-

88 1584 199 1671 τέρουν
232 1588 483 1672 ἀγωνιζόμενοι·
519 1593 653 1656 πολλῶν
687 1585 717 1653 δ’
750 1585 997 1673 ἀναιρεθέντων
1028 1583 1101 1671 τρέ-

87 1714 200 1760 πονται
229 1697 264 1761 οἱ
288 1693 399 1761 λοιποὶ
426 1692 482 1760 καὶ
507 1692 746 1773 σκεδασθέντες
769 1696 912 1779 ἔφευγον
935 1692 999 1759 ἀνὰ
1021 1695 1100 1769 τοὺς

89 1803 278 1880 στενωπούς.
324 1801 343 1868 ὁ
371 1799 402 1866 δ’
427 1801 608 1885 ἠκολούθει
630 1804 770 1866 κτείνων
792 1803 870 1878 τοὺς
891 1765 1140 1884 marazam-{³5

42 1905 254 1994 παυομένους,
277 1908 351 1974 ὅσοι
374 1908 418 1992 μὴ
441 1908 480 1973 τὰ
504 1906 588 1972 ὅπλα
611 1905 769 1992 ῥίψαντες
791 1907 838 1983 είς
862 1906 985 1983 ἱκεσίας
1006 1903 1099 1990 ἐτρύ-

89 2031 196 2080 ποντο·
219 2015 257 2080 ἐν
280 2011 318 2080 δὲ
340 2015 447 2102 τούτῳ
472 2010 527 2078 καί
550 2014 586 2078 οἱ
606 2013 662 2076 διὰ
685 2023 753 2078 τῶν
775 2011 944 2096 κλιμάκων
961 2010 1099 2096 ἀναβαί-

90 2141 195 2200 νοντες
222 2120 383 2207 ἐκρότουν
410 2128 470 2186 τοῦ
498 2122 637 2202 τείχους.
682 2129 804 2186 τοῦτον
827 2120 869 2202 δὴ
892 2119 952 2183 τὸν
974 2119 1099 2202 τρόπον

13 2279 14 2288 ,
90 2221 222 2311 ἁλούσης
243 2235 301 2309 τῆς
322 2227 448 2302 πόλεως
470 2223 661 2309 ἐξελόμενος
679 2224 698 2291 δ
716 2224 870 2310 Μάρκιος
896 2223 932 2288 έκ
955 2233 1023 2288 τῶν
1042 2226 1099 2286 λα-

92 2331 199 2418 φύρων
221 2333 283 2399 όσα
306 2339 400 2408 θεοῖς
422 2328 451 2396 τ’
474 2330 672 2416 ἀναθήματα
695 2328 750 2396 καί
773 2331 896 2413 κόσμος
918 2338 990 2404 ταῖς
1012 2325 1097 2392 Ούο-
1112 2349 1139 2390 ιο

13 2457 14 2480 ¹
91 2439 230 2505 λούσκων
253 2442 391 2505 πόλεσιν
409 2439 523 2521 ἔμελλε
541 2435 712 2520 γενέσθαι,
733 2436 774 2501 τὰ
793 2435 892 2500 λοιπὰ
912 2444 983 2509 τοῖς
1001 2449 1099 2518 στρα-

91 2545 209 2624 τιώταις
241 2544 341 2629 έφίχκε
373 2543 562 2629 διαρπάσαι.
612 2537 656 2626 ἦν
688 2537 725 2606 δὲ
751 2541 859 2606 πολλὰ
885 2535 947 2623 μὲν
977 2537 1133 2609 αύτόθιλ

92 2651 228 2736 σώματα,
250 2653 358 2717 πολλὰ
381 2648 419 2715 δὲ
441 2652 607 2736 χρήματα,
628 2650 734 2724 πολὺς
757 2643 795 2712 δὲ
818 2657 924 2729 σῖτος,
946 2645 1029 2712 ὥστε
1052 2647 1098 2731 μὴ

93 2753 199 2842 ῥᾴδιον
228 2751 315 2822 εἶναι
345 2765 404 2844 μιᾷ
432 2756 539 2821 πάντα
569 2754 740 2839 ἐκκομίσαι
766 2756 846 2830 τοὺς
872 2755 1098 2839 κρατήσαντας

93 2860 198 2951 ἡμέρᾳ,
222 2860 295 2929 ἀλλ’
317 2861 353 2928 ίκ
377 2863 535 2948 διαδοχῆς
557 2863 694 2944 ἄγοντες
715 2858 771 2926 καὶ
793 2858 951 2946 φέροντες
973 2862 1013 2926 τδι
1036 2857 1097 2946 μὲν
1112 2877 1138 2919 ιε

152 3053 511 3181 3ταλ<αι3πωροῦντεςΒ
572 3047 822 3126 4έξέλ<ι>πονΒ
884 3050 1009 3113 8πυλδις
1027 3051 1096 3104 ἀνα-

95 3125 173 3195 λαβὼν
191 3128 265 3181 ἵεται
327 3142 395 3180 corr.
416 3124 538 3194 Sylburg
606 3131 640 3178 10
659 3119 812 3192 ἐφεστηκὸς
830 3139 853 3178 ο.
874 3121 995 3190 Sylburg
1064 3127 1097 3172 13

94 3193 274 3271 τρέποντ<αι>
288 3195 311 3249 Β
368 3203 399 3250 16
419 3196 484 3258 τούς
501 3197 651 3265 πολεμίους
664 3193 966 3266 καταλαμβανομένους
980 3189 1003 3244 O
1017 3205 1098 3258 prae-

95 3266 165 3320 terB
233 3273 267 3322 18
287 3266 318 3322 δὲ
338 3267 361 3323 Ο
380 3265 416 3336 δὴ
436 3265 580 3336 Kiessling
645 3273 678 3320 21
699 3264 810 3336 ἔμελλεν
830 3263 946 3319 ἔσεσθαι
965 3277 988 3315 ο.
1009 3261 1099 3315 Cobet

95 3334 157 3478 gbssr
158 3358 220 3464 8¹12oe
214 3344 276 3463 1ῐ5ῗ3
291 3333 313 3393 έ.
332 3340 465 3407 γίνεσθαι
487 3335 617 3392 Hertlein
638 3335 756 3391 Hermes
779 3335 805 3388 X
822 3341 874 3390 417
948 3338 982 3386 24
1004 3330 1099 3386 πάντα

884 3491 937 3547 10*
