2496 3878
198 207 241 272 ιε
622 209 784 258 -z—

196 366 392 454 σχυομένοις
427 379 494 434 τῶν
525 370 677 454 πενήτων
709 367 882 452 ἐπικουρία
913 390 963 444 τις
993 365 1121 452 ὑπάρχη
1151 363 1203 430 καλ

195 477 370 560 καταφυγή
376 495 383 509 ·
406 475 452 552 ὡς
466 471 503 540 δέ
516 471 659 557 τάληθὲς
672 470 772 559 εἶχεν,
791 473 1017 559 ἐπιβουλεύων
1035 482 1079 561 τῷ
1097 475 1202 560 κόσμῳ

196 591 253 666 τῆς
270 584 436 658 πολιτείας
453 579 508 645 καὶ
527 582 575 657 είς
593 582 817 665 δημοκρατίαν
835 589 1029 664 περιστῆσαι
1050 580 1089 644 τά
1106 580 1230 664 πράγ-ιε

160 697 282 772 4ματα
300 690 512 771 βουλόμενος.
544 684 600 751 καὶ
612 683 706 752 Ιτοῦτ’
726 689 861 752 ἔπεισαν
875 687 960 770 ἡμᾶς
978 686 1014 752 οί
1027 685 1205 769 σύμβουλοι

171 817 184 858 5
198 796 235 860 τὸ
254 793 388 880 ἀρχεῖον
406 791 500 858 ἐᾶσαι
518 797 701 878 παρελθεῖν
720 794 768 869 είς
785 794 848 877 την
865 795 965 858 πόλιν
979 790 1033 856 ἐπὶ
1048 799 1092 880 τῷ
1106 800 1205 878 κοινῷ

167 890 463 985 Ιπαραγινόμενον
494 908 600 986 κακῷ,
632 896 688 963 καὶ
715 895 844 982 μάλιστ’
879 895 933 963 ἐπὶ
964 905 1010 986 τῷ
1043 899 1122 963 κατὰ
1154 905 1207 980 τῆς

195 1011 320 1092 βουλῆς
337 1007 469 1094 φθόνῳ,
487 1005 605 1088 πολλά,
623 1010 714 1089 είπερ
733 1005 797 1090 άρα
815 1003 998 1088 μέμνησθε,
1016 1007 1209 1089 κεκραγότος

197 1112 279 1196 ἐμοῦ
301 1109 357 1175 καλ
379 1110 631 1196 μαρτυρομένου
653 1112 756 1198 θεούς
777 1133 812 1175 τε
835 1110 891 1176 καὶ
914 1110 1129 1197 ἀνθρώπους,
1160 1109 1208 1175 ὅτι

195 1220 342 1300 πόλεμον
374 1215 538 1301 ἐμφύλιον
565 1218 735 1283 ἄπαυστον
763 1219 811 1294 είς
841 1218 904 1300 την
930 1220 1030 1282 πόλιν
1057 1215 1209 1300 εἰσάξετε,

157 1349 183 1388 ιο
196 1320 252 1388 καὶ
273 1319 376 1387 πάνθ’
404 1322 466 1387 ὅσα
488 1323 570 1407 ύμῖν
592 1321 777 1408 προβέβηκε
799 1320 963 1406 λέγοντος.

262 1427 297 1493 L.
334 1431 377 1494 Τί
397 1423 459 1494 οὖν
482 1428 637 1513 ἐποίησεν
656 1430 674 1495 ὁ
693 1431 834 1514 χρηστὸς
856 1429 937 1513 ἡμῖν
961 1430 1075 1514 δῆμος,
1098 1428 1210 1512 ἐπειδη

195 1533 251 1601 καὶ
277 1535 399 1617 ταύτην
427 1535 516 1622 αὐτῷ
545 1538 795 1620 συνεχωρήσατε
818 1535 879 1618 τὴν
907 1532 1027 1620 άρχην;
1056 1534 1116 1601 οὐκ
1141 1534 1213 1600 ἐτα-

196 1642 353 1726 μιεύσατο
387 1642 448 1724 την
477 1642 642 1724 τοσαύτην
670 1642 768 1726 χάριν
798 1638 872 1706 οὐδ’
907 1643 1025 1725 ἔλαβεν
1057 1643 1213 1727 αἰσχυνο-

196 1745 302 1831 μένως
329 1745 433 1829 αὐτὴν
460 1744 515 1811 καλ
545 1750 742 1832 σωφρόνως,
772 1743 844 1812 ἀλλ’
879 1747 924 1824 ὡς
956 1748 1122 1813 δεδοικόσι
1151 1749 1214 1831 την

157 1873 183 1916 ιι
198 1856 294 1938 ἰσχύν
317 1852 420 1918 αὐτοῦ
443 1851 497 1918 καὶ
515 1856 752 1938 κατεπτηχόσιν
770 1855 850 1938 ἡμῖν
868 1901 968 1918 .....
987 1855 1098 1919 ἔπειτα
1118 1855 1229 1940 λερδινι

195 1957 251 2025 καὶ
279 1961 404 2025 ἄσυλον
432 1961 494 2044 ἔφη
517 1960 590 2024 δεῖν
618 1958 859 2044 ἀποδειχθῆναι
886 1961 948 2044 την
971 1958 1077 2044 ἀρχὴν
1100 1959 1218 2045 ὅρκοις

195 2065 458 2150 ἐμπεδωθεῖσαν,
484 2069 621 2150 κρείττω
643 2067 742 2149 τιμὴν
766 2066 961 2150 αἰτούμενος
982 2060 1023 2149 ἧς
1047 2066 1219 2130 δεδώκατε

195 2172 289 2257 ὑμεῖς
311 2183 381 2250 τοῖς
402 2172 547 2248 ὑπάτοις.
593 2171 787 2255 ὑπεμείνατε
806 2169 861 2237 καὶ
881 2181 980 2237 τοῦτο
1002 2170 1059 2238 καὶ
1078 2171 1222 2249 στάντες

197 2277 250 2344 ἐπὶ
272 2289 339 2344 τῶν
362 2281 486 2363 τομίων
504 2276 574 2343 κατ’
598 2275 750 2355 ἐξωλείας
768 2275 896 2343 ἑαυτῶν
914 2300 948 2343 τε
966 2276 1109 2344 καὶτῶν
1133 2277 1222 2344 άπο-

155 2369 307 2482 22,,γόνων
337 2384 494 2469 ὠμόσατε.
539 2388 575 2449 τί
600 2379 663 2450 οὖν
693 2383 825 2468 ἐποίησε
854 2382 910 2449 καὶ
941 2384 1062 2450 τούτου
1085 2385 1221 2469 νυχίους

196 2490 271 2556 ἀντὶ
292 2501 353 2557 τοῦ
371 2492 504 2576 χάριτας
521 2491 603 2575 ὑμῖν
626 2489 751 2556 είδέναι
772 2488 828 2555 καὶ
852 2491 968 2568 σώζειν
989 2492 1047 2556 τὸν
1070 2489 1224 2574 πάτριον

195 2600 322 2682 κόσμον
340 2607 397 2680 τῆς
416 2601 592 2681 πολιτείας,
612 2596 794 2683 ἀρξάμενος
813 2595 877 2663 άπὸ
891 2597 1019 2662 τούτων
1033 2606 1102 2661 τῶν
1116 2601 1229 2662 πλεο-

195 2701 313 2780 νεξιῶν
342 2700 398 2768 καὶ
426 2705 560 2781 ταύταις
588 2715 659 2780 ταῖς
688 2705 908 2788 παρανομίαις
945 2702 1114 2788 ἀφορμαῖς
1149 2714 1227 2767 τῶν

268 2901 283 2949 6
302 2879 532 2964 παραγένόμενον
552 2893 572 2948 G
590 2892 819 2962 παραγινόμενον
836 2893 862 2946 R
945 2900 961 2948 8
980 2892 1229 2964 μαρτυρουμένου

197 2965 308 3020 Οοοεε.
327 2963 431 3018 Reisks
523 2971 555 3020 10
574 2962 731 3036 προβέβηκε
754 2961 883 3034 λέγοντος
906 2963 929 3019 0
954 2961 1088 3088 ἐκβέβηκε
1114 2964 1229 3034 προλέ-

195 3055 294 3105 γοντος
312 3052 334 3090 ο.
355 3035 477 3104 Sylburg
495 3035 656 3109 ἀποβέβηκε
675 3039 697 3088 λ.
713 3033 816 3088 Reiske
865 3043 909 3090 ‘11
925 3037 991 3106 ύμῖν
1091 3042 1129 3091 15
1151 3036 1229 3106 ἡμῖν

197 3107 237 3164 ἐτι
255 3111 360 3178 μᾶλλον
380 3103 501 3163 ἐνέκειτο
520 3107 569 3161 καλ
588 3105 667 3176 ίερδιν
686 3122 709 3161 ο.
724 3105 876 3174 ΚὶοεεΗος,
895 3106 962 3177 ἡμῖν
977 3106 1115 3161 ἀπαντῶν
1138 3104 1228 3176 ίερδιτ

195 3179 245 3236 καλ
263 3195 286 3233 ο.
301 3178 409 3246 Kayser
424 3181 494 3231 Ann.
515 3177 583 3247 phil.
601 3183 711 3246 18681).
726 3183 787 3246 815,
806 3179 872 3247 post
889 3176 957 3247 ἡμῖν
976 3193 999 3233 ε.
1016 3196 1039 3232 ο.
1059 3173 1228 3250 ἐνυβρίζων

196 3269 220 3306 υ.
239 3249 351 3318 Roisks‚
369 3249 501 3304 lacunam
519 3249 549 3302 in
567 3265 624 3319 qua
641 3247 824 3318 participium
843 3248 986 3316 quoddam
1005 3247 1154 3302 excidisse
1174 3266 1228 3317 pr<

197 3323 274 3375 certo
292 3320 393 3388 habeo,
412 3319 537 3374 indicavi
622 3325 656 3373 19
675 3318 858 3391 τ<ι>μίωνΒ
892 3322 897 3387 Ι
930 3317 1077 3387 προγόνων
1098 3318 1125 3372 O
1149 3320 1228 3373 ἀπο-

196 3390 296 3515 χῐόνοχν,
321 3385 459 3460 ἐπιγόνων
482 3392 528 3446 vel
551 3386 673 3460 ἐγγόνων
698 3405 720 3444 ο.
740 3389 862 3458 Sylburg
883 3388 918 3444 cf.
939 3388 1115 3458 Grasbsrgar
1142 3389 1228 3443 Tess

224 3466 405 3529 &mam
