2508 3882
166 194 234 259 264
589 194 756 244 -Η-

167 357 225 420 τὸν
249 355 341 438 ίερὸν
364 353 466 439 ὅρκον
489 354 663 436 ὤμνυσαν,
689 350 745 417 καὶ
772 353 838 418 ὐπὸ
861 353 919 429 τάς
942 355 1085 437 σημαίας
1108 376 1181 416 κατ-

167 460 363 545 εγράφοντο.
413 457 484 525 ἐπεὶ
514 454 552 524 δέ
583 461 621 524 τὸ
653 455 784 536 ἐλλιπές
814 469 881 524 τῶν
911 461 1022 544 λόχων
1047 457 1180 542 ἐξεπλη-

168 567 275 652 ρώθη,
298 566 562 651 διεκληρώσαντο
584 564 642 641 τάς
663 563 841 648 ἡγεμονίας
862 576 930 630 τῶν
950 564 1182 650 στρατοπέδων

168 674 204 738 οί
222 672 355 739 ὐπατοι·
378 669 433 736 καί
456 671 474 737 ὁ
498 667 559 754 μέν
584 671 711 754 Φάβιος
733 672 795 754 τὴν
813 669 866 736 ἐπὶ
888 680 928 755 τῇ
952 676 1098 759 βοηθείᾳ
1119 681 1182 736 τῶν

140 779 350 865 τσυμμάχων
373 776 613 843 ἀποσταλεῖσαν
637 776 782 860 δύναμιν
804 776 1076 860 παρελάμβανεν,
1107 773 1180 843 ὁδὲ

171 883 352 971 Οὐαλέριος
369 885 431 967 την
450 883 486 948 ἐν
502 882 728 959 Οὐολούσκοις
747 883 1079 968 στρατοπεδεύουσαν
1095 885 1181 966 άγων

134 995 247 1068 2τούς
273 988 393 1056 νεωστί
418 987 694 1074 καταγραφέντας.
740 996 888 1073 μαθοῦσι
912 986 951 1055 δὲ
973 991 1037 1074 την
1059 1011 1181 1076 παρου-

170 1101 246 1162 σίαν
269 1097 372 1161 αὐτοῦ
398 1105 469 1171 τοῖς
494 1097 664 1179 πολεμίοις
694 1095 802 1161 ἐδόκει
825 1097 982 1180 στρατιάν
1004 1094 1042 1161 δ’
1072 1095 1182 1180 ἑτέραν

170 1199 439 1285 μεταπέμπεσθαι
453 1198 508 1266 καὶ
523 1200 559 1266 ἐν
575 1201 777 1290 ἰσχυροτέρῳ
795 1203 833 1266 τὸ
849 1205 1077 1286 στρατόπεδον
1092 1205 1181 1284 ποιη-

131 1331 158 1370 ιο
173 1313 297 1372 σασθαι
324 1311 435 1395 χωρίφ
461 1304 517 1372 καὶ
544 1302 649 1391 μηδὲν
677 1306 712 1372 ἐκ
739 1315 799 1372 τού
828 1320 1053 1393 καταφρονεῖν
1077 1308 1183 1373 αὐτῶν

171 1417 218 1479 ἔτι
241 1407 400 1500 προπετὲς
421 1413 626 1496 κινδύνευμα
649 1413 694 1490 ὡς
711 1416 872 1499 πρότερον
890 1411 1081 1498 ὑπομένειν.
1119 1413 1182 1496 ἐγε-

170 1525 261 1604 γόνει
288 1529 391 1586 ταῦτα
419 1520 475 1584 διά
501 1517 643 1605 ταχέων,
670 1517 868 1604 ἀμφοτέροις
890 1543 926 1585 τε
948 1519 1097 1605 παρέστη
1120 1530 1184 1595 τοῖς

170 1627 308 1711 ἡγεμόσι
327 1637 394 1692 τῶν
413 1626 589 1709 δυνάμεων
608 1624 705 1708 ὁμοία
723 1623 875 1710 περὶτοῦ
893 1625 1042 1710 πολέμου
1061 1629 1182 1711 γνώμη,

171 1733 210 1796 τά
240 1729 367 1797 ἑαυτῶν
394 1732 573 1816 φυλάττειν
600 1729 760 1816 ἐρύματα,
783 1730 842 1796 ἐάν
864 1755 913 1809 τις
937 1731 1029 1818 ἐπίῃ,
1057 1745 1127 1810 τοῖς
1148 1727 1181 1796 δὲ

131 1857 158 1898 15
172 1847 239 1901 τῶν
262 1841 430 1919 πολεμίων
454 1837 499 1914 ὡς
521 1840 578 1923 βίᾳ
599 1836 904 1922 κρατηθησομένοις
929 1839 973 1922 μη
998 1837 1180 1925 ἐπιχειρεῖν.

136 1939 228 2012 3καὶ
250 1942 269 2008 ὁ
293 1943 350 2007 διά
372 1941 476 2026 μέσου
498 1946 618 2028 χρόνος
641 1943 701 2008 οὐκ
721 1943 833 2026 ὀλίγος
851 1943 981 2026 ἐγένετο
1003 1949 1102 2034 φόβφ
1120 1955 1180 2008 τῶν

67 2085 71 2092 »
173 2047 406 2134 ἐπιχειρήσεων
434 2050 643 2134 τριβόμενος·
671 2047 713 2113 οὐ
740 2048 853 2133 μέντοι
880 2048 934 2114 καὶ
963 2053 1010 2126 είς
1033 2049 1127 2127 τέλος
1147 2071 1180 2131 γε

173 2154 344 2239 διαμένειν
364 2153 400 2219 ἐν
419 2166 488 2231 τοῖς
506 2153 726 2237 ἐγνωσμένοις
745 2155 966 2239 ἐδυνήθησαν.
1005 2155 1105 2222 ὁπότε
1123 2157 1233 2240 γὰρ1726

173 2263 379 2346 ἐπισιτισμοῦ
402 2261 499 2346 χάριν
522 2260 542 2344 ἣ
566 2271 633 2325 τῶν
656 2261 767 2326 ἀλλων
791 2261 985 2345 ἐπιτηδείων
1007 2267 1112 2346 τινός,
1139 2256 1181 2327 ὧν

130 2390 157 2430 εο
173 2368 372 2454 ἀμφοτέροις
399 2370 491 2450 ἔδει,
510 2367 609 2453 μοῖρά
636 2391 687 2443 τις
714 2367 912 2451 ἀποσταλείη
940 2377 998 2451 τῆς
1020 2377 1181 2454 στρατιάς,

172 2478 340 2560 συμβολαί
358 2470 386 2538 τ’
414 2473 524 2542 αὐτῶν
548 2472 699 2556 ἐγίνοντο
721 2471 777 2538 καὶ
799 2477 933 2558 πληγαί,
955 2473 1010 2539 καὶ
1031 2476 1070 2541 τὸ
1090 2482 1181 2540 νικᾶν

172 2580 234 2647 οὐκ
257 2579 308 2646 ἀεὶ
330 2581 419 2665 παρά
442 2591 511 2657 τοῖς
534 2579 646 2657 αὐτοῖς
668 2581 775 2663 ἔμενε·
800 2581 958 2656 πολλάκις
981 2577 1019 2644 δὲ
1044 2585 1181 2666 συμπλε-

172 2685 322 2770 κομένων
346 2685 502 2768 ἀλλήλοις
520 2684 733 2768 ἀπέθνησκόν
750 2680 779 2748 τ’
802 2685 863 2750 οὐκ
882 2685 990 2769 ὀλίγοι
1012 2685 1069 2751 καί
1087 2709 1181 2772 τραυ-

135 2795 284 2873 4ματίαι
312 2795 446 2868 πλείους
474 2790 633 2874 ἐγίνοντο.
678 2802 747 2867 τοῖς
777 2787 837 2875 μέν
865 2786 927 2857 οὐν
949 2789 1121 2876 Ῥωμαίοις
1146 2791 1179 2854 τὸ

131 2915 157 2957 ετ
173 2894 448 2978 ἀπαναλούμενον
469 2905 526 2979 τῆς
549 2904 702 2982 στρατιᾶς
725 2896 862 2982 οὐδεμία
886 2895 994 2964 ποθέν
1014 2897 1180 2982 ἐπικουρία

245 3095 258 3142 1
279 3089 394 3157 σημείας
417 3087 470 3141 AB
494 3087 528 3142 cf.
548 3086 636 3143 Cobet
660 3087 724 3143 Obs.
744 3107 772 3159 p.
789 3094 839 3143 167
949 3095 983 3146 16
1007 3086 1038 3144 ἐν
1063 3089 1141 3162 φόβῳ
1158 3103 1178 3140 ο.

171 3159 331 3230 Stephanus
405 3166 437 3214 19
456 3155 474 3227 ἢ
494 3177 546 3214 om.
561 3159 609 3212 Ba
627 3159 690 3214 add.
708 3159 754 3214 Bb
775 3177 860 3229 supra
877 3160 926 3217 lin.
999 3167 1035 3216 20
1054 3156 1177 3216 ἐδόκειΟ

171 3230 230 3288 ἔδει
252 3229 356 3285 Reiske
446 3236 479 3285 21
500 3231 647 3304 συμβολαὶ]
672 3231 829 3301 συμπλοκαὶ
852 3247 875 3285 ο.
896 3231 1068 3301 Grasberger
1090 3229 1179 3284 Philo-

170 3305 253 3374 logus
273 3308 307 3357 28
332 3303 423 3372 (1869)
446 3321 472 3372 p.
492 3309 543 3357 662
652 3309 686 3357 26
710 3301 934 3372 ἀπαναλωμένον
959 3320 981 3359 ο.
1006 3303 1096 3358 Cobet
1118 3299 1177 3354 Obs.

191 3417 197 3430 .
219 3380 269 3429 172
310 3377 314 3442 Ι
353 3373 419 3429 οὐδὲ
442 3374 492 3442 μία
520 3373 613 3428 ποθὲν
638 3367 756 3427 ἐπιοῦσα
780 3373 802 3427 Ο
826 3389 877 3442 pro
900 3373 994 3428 ποθὲν
1020 3391 1044 3428 ο.
1069 3375 1177 3429 οίκοδεν

169 3394 322 3513 ἓὶοεεάως,
341 3447 407 3514 post
421 3439 539 3500 ἐπιοῦσα
554 3445 618 3499 add.
634 3439 781 3514 ἐπικουρία
801 3443 926 3498 Sinbenis
940 3445 1001 3500 Em.
1017 3444 1098 3500 Dion.
1112 3443 1178 3507 122,
