2508 3882
499 197 667 246 -Η-
1023 191 1150 276 νιν,

83 360 206 437 ζώντων
236 359 285 424 ἔτι
312 369 379 424 τῶν
405 354 574 442 πατέρων,
604 354 687 421 ἀλλὰ
713 353 770 421 καὶ
796 357 836 420 τὰ
863 356 1012 440 χρήματα
1036 351 1092 418 καὶ

83 467 118 529 τά
144 466 278 549 σώματα
304 475 373 530 τῶν
400 463 547 547 παίδων,
579 461 598 526 ό
625 485 657 526 τι
683 461 864 547 βούλονται
893 457 1092 542 διατιθέναι,

83 579 147 646 τοῖς
171 569 337 655 πατράσιν
364 566 573 635 ἀποδέδοται.
623 564 698 633 ὥστ’
732 567 794 633 ούκ
825 566 867 632 ἂν
895 567 1003 649 δήπου
1030 567 1092 649 τήν

83 685 138 742 τοῦ
159 678 285 762 πατρὸς
308 674 426 740 οὐσίαν
448 683 509 740 τοῦ
532 675 742 759 μηνύσαντος
757 676 820 758 τήν
834 666 1021 758 τυραννίδα
1038 669 1093 738 ἐπὶ

83 794 147 859 τοῖς
167 779 229 848 τού
252 782 372 858 παιδὸς
393 779 595 866 ἀδικήμασιν
612 779 831 865 ἀφαιρεῖσθαι
855 776 911 844 καὶ
933 779 1091 863 δημεύειν
1119 807 1132 848 ε

83 889 101 971 ή
122 892 218 966 πόλις
244 885 350 971 ήξίου.
396 887 452 953 διδ
478 884 540 971 μὲν
566 887 609 970 δή
636 895 739 952 ταῦτα
765 893 811 973 τῷ
837 883 985 974 προτέρῳ
1014 902 1093 967 συγ-

84 997 296 1080 κατατίθεμαι
317 1004 385 1058 τῶν
404 996 516 1077 λόγων
534 998 675 1078 μᾶλλον·
698 995 803 1077 ἔθηκα
821 991 851 1058 δ’
876 977 1094 1077 ἀμφοτέρους,

84 1102 135 1166 ίνα
158 1100 211 1186 ἐξῇ
235 1111 306 1178 τοῖς
329 1097 626 1184 ἀναγνωσομένοις,
654 1097 800 1187 ὁποτέρῳ
823 1100 1004 1185 βούλονται
1025 1109 1093 1163 τῶν
1171 1094 1181 1154 ',

85 1209 201 1290 λόγων,
223 1203 410 1291 προσέχειν.

15 1375 16 1378 ,
147 1311 279 1378 LXXX.
316 1308 604 1396 ’διαβαλλομένων
624 1310 664 1377 δέ
678 1335 782 1378 τινων
801 1309 857 1377 καί
878 1314 958 1390 τοὺς
975 1314 1095 1390 παῖδας
1109 1337 1136 1378 ιο

87 1419 273 1486 ἀποκτεῖναι
300 1428 361 1486 τοῦ
384 1420 535 1484 Κασσίου
564 1419 677 1484 δεινὸν
705 1421 742 1484 τὸ
766 1420 846 1494 ἔθος
873 1417 986 1496 ἔδοξεν
1009 1412 1095 1483 εἶναι

87 1531 249 1612 τήβοολῇ
271 1523 328 1592 καὶ
349 1524 560 1610 ἀσύμφορον·
588 1523 643 1590 καὶ
671 1530 883 1591 συνελθοῦσα
911 1523 1094 1610 ἐψηφίσατο

88 1631 243 1717 ἀφεῖσθαι
265 1632 305 1696 τὰ
324 1630 477 1718 μειράκια
495 1639 554 1715 τής
570 1635 728 1717 τιμωρίας
747 1629 803 1696 καὶ
822 1629 875 1696 ἐπὶ
892 1631 981 1716 πάσῃ
1000 1629 1097 1717 ἀδείᾳ

90 1741 157 1823 ζῆν,
182 1738 264 1822 νίν
294 1745 385 1822 νννίι
413 1734 486 1822 μήτ’
513 1735 626 1822 ἀτιμίᾳ
653 1734 726 1822 μήτ’
752 1739 836 1822 ἄλλο
864 1747 1021 1824 συμφορᾷ
1044 1741 1096 1821 ἓν·

90 1843 261 1929 μικθέντα.
313 1840 369 1908 καὶ
400 1842 433 1921 ἐξ
467 1841 596 1909 ἐκείνου
625 1845 663 1909 τὸ
693 1846 773 1921 έθος
801 1853 900 1911 τοῦτο
926 1839 1098 1930 Ῥωμαίοις
1111 1869 1138 1911 ιε

39 1949 262 2037 ιτοιίιιιχύριον
284 1948 423 2032 γέγονεν
450 1947 512 2025 ἕως
538 1957 596 2033 τῆς
622 1946 699 2014 καθ’
726 1949 812 2035 ἡμᾶς
834 1951 1098 2036 διατηρούμενον

91 2058 228 2141 ἡλικίας,
255 2054 417 2141 ἀφεῖσθαι
443 2059 604 2139 τιμωρίας
630 2055 758 2140 ἁπάσης
785 2059 865 2134 τοὺς
886 2057 1022 2139 παῖδας,
1050 2050 1098 2121 ὧν

93 2163 128 2228 διν
146 2163 180 2230 οί
194 2161 333 2248 πατέρες
350 2161 566 2245 ἀδικήσωσιν,
588 2160 647 2227 έάν
665 2185 701 2227 τε
718 2163 893 2249 τυράννων
917 2164 1010 2239 ὄντες
1028 2159 1099 2228 υίοὶ

92 2271 247 2355 τύχωσιν,
279 2267 339 2334 έάν
364 2291 400 2334 τε
426 2269 678 2353 πατροκτόνων,
708 2266 766 2333 έάν
794 2291 828 2332 τε
855 2270 1046 2352 προδοτῶν,
1079 2267 1097 2332 δ

94 2373 241 2458 μέγιστόν
264 2373 335 2440 ἐστι
356 2371 434 2458 παρ’
457 2373 596 2451 ἐκείνοις
614 2373 767 2458 ἀδίκημα.
813 2375 848 2439 οί
863 2396 899 2439 τε
916 2363 1140 2477 καταλῦσαιχῖ0

94 2483 126 2547 τὸ
147 2485 225 2559 ἔθος
247 2478 336 2547 τοῦτ’
364 2480 597 2566 ἐπιβαλόμενοι
619 2482 701 2545 κατὰ
721 2483 800 2558 τοὺς
821 2479 1000 2566 ἡμετέρους
1023 2483 1099 2566 χρό-

95 2610 167 2666 νους
192 2589 274 2672 μετὰ
300 2587 362 2670 τήν
389 2585 584 2652 συντέλειαν
610 2595 670 2652 τοῦ
692 2589 873 2674 Μαρσικοῦ
899 2611 934 2653 τε
961 2585 1017 2652 καὶ
1045 2586 1100 2671 έμ-

15 2735 16 2738 =
96 2698 208 2777 φιλίου
230 2691 390 2778 πολέμου,
411 2691 468 2758 καὶ
485 2695 564 2770 τοὺς
581 2694 702 2771 παῖδας
719 2705 788 2759 τῶν
810 2691 1100 2778 ἐπικηρυχθέντων

98 2798 142 2864 ἐπί
167 2803 285 2867 Σύλλα
310 2797 462 2885 πατέρων
490 2797 687 2884 ἀφελόμενοι
718 2801 756 2865 τὸ
784 2799 930 2884 μετιέναι
956 2801 1014 2878 τὰς
1040 2823 1101 2866 πα-

97 2910 200 2990 τρίους
217 2906 322 2994 ἀρχδς
338 2903 394 2972 καὶ
411 2909 536 2990 βουλῆς
554 2903 700 2990 μετέχειν
718 2904 796 2971 καθ’
818 2905 858 2972 ὃν
879 2906 1101 2974 ἐδυνάστευον
1115 2932 1142 2974 τε

15 3069 16 3072 ,
97 3011 181 3079 αὐτοὶ
203 3015 341 3100 χρόνον,
364 3011 552 3098 ἐπίφθονόν
574 3009 603 3076 τ’
627 3011 821 3098 ἀνθρώποις
843 3011 898 3080 καὶ
920 3015 1102 3098 νεμεσητὸν

15 3105 16 3158 3
97 3124 179 3198 θεοῖς
202 3123 302 3206 ἔργον
326 3117 445 3197 ἔδοξαν
463 3117 713 3197 ἀποδείξασθαι.
758 3119 926 3205 τοιγάρτοι
948 3121 1023 3201 δίκη
1041 3116 1103 3203 μὲν

15 3357 16 3378 ,
161 3319 174 3366 1
204 3312 293 3368 verba
319 3311 386 3364 inde
414 3310 450 3364 ab
479 3309 549 3363 ἀλλὰ
576 3326 665 3379 usque
691 3309 729 3364 ad
751 3311 862 3364 παίδων
886 3325 939 3364 om.
963 3308 1009 3362 Ba
1037 3309 1103 3365 add.

98 3381 183 3454 Bbmg
257 3389 291 3436 19
312 3377 363 3436 ἐάν
380 3399 412 3436 τι
429 3383 575 3452 προδοτῶν
594 3397 648 3436 om.
668 3381 714 3434 Ba
733 3380 888 3449 add.Bmg
942 3384 977 3432 24
996 3379 1104 3434 Σύλλαι
1238 3415 1239 3420 =

98 3452 138 3508 Ba
154 3455 292 3528 Σύλλ<α>
312 3452 360 3506 Bb
376 3455 381 3523 Ι
397 3458 522 3521 μετεῖναι
540 3450 620 3505 ABG
