2496 3878
185 155 228 220 36
609 155 770 204 -ι-

185 317 422 401 προεστηκότες
443 313 546 380 αὐτοῦ
568 315 738 398 πρόφασιν
760 311 907 398 εύπρωιή
934 315 1186 399 προβαλλόμενοι

186 423 223 488 ιδ
247 421 289 505 δή
312 431 381 497 τοῖς
399 416 631 503 ἀδικουμένοις
652 429 720 484 τών
739 419 892 503 δημοτῶν
911 423 1052 504 βοηθεῖν
1070 419 1123 484 διὰ
1140 426 1189 500 τής

188 526 339 606 ἐξουσίας
365 527 485 611 ταύτης
512 526 617 608 ἀγωσι
648 521 704 589 καί
734 523 898 611 φέρωσιν,
931 521 983 590 όσ’
1018 523 1060 590 ἀν
1090 524 1190 600 αὐτοῖς

189 635 287 718 δοκῇ,
314 630 369 698 καὶ
396 629 516 716 μηθείς
542 631 561 698 δ
589 631 751 698 κωλύσων
778 632 836 708 τὰς
863 634 1072 717 παρανομίας
1092 631 1191 696 αὐτῶν

162 732 227 826 σή,
255 737 329 824 μήτ’
357 739 492 823 ἰδιώτης
519 733 592 824 μήτ’
619 738 731 822 ἅρχων
754 738 913 814 δεδοικὼς
939 738 998 804 τδν
1020 739 1137 821 νόμον,
1162 736 1192 813 ὃς

189 844 380 932 ἀφαιρεῖται
397 843 452 910 καὶ
470 846 530 911 τδν
544 846 647 927 λόγον
661 843 755 927 ήμῶν
768 844 836 927 ἅμα
850 854 920 920 τοῖς
933 845 1043 928 ἔργοις
1055 842 1193 908 θάνωσι

190 948 349 1028 ἐπιτιθεὶς
382 953 499 1034 ζημίαν
530 960 599 1025 τοῖς
631 946 814 1034 ἐλευθέραν
845 950 963 1034 φωνήν
996 947 1138 1033 ἀφιεῖσι,
1166 949 1196 1011 τί

189 1065 355 1143 προσῆκεν
378 1057 486 1139 ὄνομα
506 1052 633 1120 θέσθαι
651 1064 691 1140 τῇ
710 1055 888 1142 δυναστείᾳ
905 1054 1007 1140 ταύτη
1025 1057 1104 1130 τοὺς
1119 1061 1194 1120 νοῦν

191 1164 326 1248 ἔχοντας
343 1159 468 1246 ἕτερον,
486 1159 507 1244 ἣ
526 1157 638 1243 τοῦθ’,
662 1161 742 1247 ὅπερ
761 1158 851 1226 ἐστίν
870 1159 999 1244 ἀληθής
1016 1158 1072 1226 καλ
1088 1160 1196 1235 πάντες

151 1287 177 1326 ιο
191 1266 233 1332 ἀν
261 1267 497 1350 ὁμολογήσετε,
523 1266 722 1352 τυραννίδας
757 1268 789 1330 εί
815 1263 846 1330 δ’
872 1265 933 1351 οὐχ
961 1262 1020 1350 ὑφ’
1048 1263 1122 1343 ἑνὸς
1146 1264 1197 1330 άν-

192 1373 286 1458 δρός,
314 1369 387 1438 ἀλλ’
417 1368 474 1457 ὑφ’
502 1371 583 1438 όλου
611 1373 870 1458 τυραννούμεθα
897 1373 1021 1456 δήμου,
1049 1375 1085 1437 τί
1108 1379 1197 1437 τοῦτο

157 1476 358 1563 3διαφέρει;
386 1479 423 1543 τὸ
451 1477 514 1563 γὰρ
545 1479 645 1562 ἔργον
673 1475 705 1554 έξ
730 1476 857 1561 ἀμφοῖν
879 1477 989 1543 ταύτό.
1030 1478 1198 1564 κράτιστον

193 1579 253 1667 μὲν
277 1577 339 1649 οὖν
357 1577 401 1666 ήυ
419 1579 503 1668 μηδὲ
520 1584 558 1649 τὸ
578 1579 705 1668 σπέρμα
722 1591 781 1666 της
803 1580 953 1661 ἐξουσίας
975 1583 1096 1666 ταύτης
1113 1582 1199 1648 έῦισαι

192 1691 498 1772 καταβαλλόμενον,
522 1686 606 1753 ἀλλὰ
627 1689 735 1754 πάντα
757 1689 935 1773 ὑπομεῖναι
956 1691 1136 1775 πρότερον,
1161 1689 1200 1765 ὡς

153 1792 324 1870 ω’Ἀππως
354 1794 373 1859 ὁ
395 1791 563 1878 βέλτιστος
586 1793 623 1860 έκ
644 1798 772 1862 πολλοῦ
794 1796 835 1859 τά
858 1795 953 1860 δεινά
975 1796 1201 1882 προορώμενος

193 1899 305 1984 ήξίου,
332 1902 364 1964 εί
391 1896 428 1964 δὲ
450 1903 512 1984 μή,
540 1909 604 1966 νῦν
627 1898 658 1984 γ’
685 1901 904 1985 ὁμοθυμαδὸν
927 1902 1075 1979 ἅπαντας
1097 1900 1201 1985 έξορύ-

131 2059 142 2080 .
196 2004 312 2085 ξαντας
334 2004 439 2089 αὐτήν
462 2009 640 2092 πρόρριζον
664 2005 700 2072 ἐκ
722 2015 780 2090 τῆς
803 2009 931 2084 πόλεως
953 2007 1121 2093 ἐκβαλεῖν,
1148 2007 1221 2082 ἕωςλλ

159 2110 341 2194 4ἀσθενής
368 2109 436 2175 έστι
464 2108 519 2176 καί
545 2118 864 2198 προσπολεμηθῆναι
891 2113 999 2200 ῥᾳδία.
1035 2113 1091 2180 καί
1118 2109 1199 2180 τοῦτ’

194 2217 235 2283 οὐ
257 2218 401 2302 πρώτοις
423 2217 515 2301 ἡμῖν,
539 2212 564 2282 ὦ
588 2221 706 2303 βουλή,
729 2215 809 2285 οὐδὲ
831 2221 947 2302 μόνοις
965 2218 1130 2303 ἐξεγένετο
1148 2240 1204 2284 πα-

154 2343 180 2382 20
194 2330 284 2410 θεῖν,
306 2315 444 2400 πολλοῖς
463 2318 500 2388 δὲ
518 2321 574 2388 καὶ
593 2324 752 2402 πολλάκις
768 2325 834 2408 ήδηΙ
851 2335 921 2401 τοῖς
937 2327 985 2401 είς
1004 2323 1206 2410 ἀβουλήτους

194 2427 339 2513 ἀνάγκας
358 2437 537 2495 καταστᾶσι
555 2431 688 2514 γνώμης
707 2429 889 2516 ἁμαρτοῦσι
907 2439 964 2513 τῆς
982 2429 1118 2516 ἀρίστης
1135 2428 1205 2515 περὶ

194 2536 234 2599 τά
253 2533 402 2620 μέγιστοι,
421 2535 533 2618 ἐπειδὴ
553 2537 610 2614 τὰς
628 2535 730 2623 ἀρχάς
748 2535 810 2602 οὐκ
828 2534 998 2602 ἐκώλυσαν
1016 2547 1077 2604 τοῦ
1095 2546 1206 2618 κακοῦ,

195 2641 253 2715 τὰς
275 2640 427 2724 αὐξήσεις
445 2648 625 2728 πειρᾶσθαι
642 2649 831 2728 καθαιρεῖν·
854 2639 909 2708 καὶ
928 2643 949 2726 ἡ
968 2643 1126 2726 μετάνοια
1144 2653 1207 2708 τῶν

197 2740 258 2824 ὀφέ
281 2744 477 2830 ἀρχομένων
501 2759 689 2832 σωφρονεῖν
712 2749 819 2831 ήττωυ
846 2743 931 2815 οὖσα
957 2757 1014 2832 τής
1041 2753 1208 2834 προνοίας,

158 2867 183 2907 2⁵
196 2848 274 2917 καθ’
303 2850 416 2935 ἕτερον
444 2847 486 2917 αὖ
516 2855 639 2938 τρόπον
667 2852 708 2918 οὐ
735 2856 856 2939 χείρων
883 2849 967 2919 οὖσα
995 2854 1210 2939 ἀναφαίνεται

196 2965 235 3042 τῇ
267 2958 410 3022 κωλύσει
447 2968 507 3023 τοῦ
538 2956 654 3035 τέλους
685 2956 889 3043 ἀφανίζουσα
920 2962 958 3026 τὸ
991 2958 1027 3026 έν
1057 2968 1096 3044 τῇ
1129 2959 1210 3045 ἀρχή

198 3060 378 3146 ἀγνοηθέν.

271 3259 287 3307 6
306 3252 511 3326 ἀφ<αι>ρείται
529 3253 552 3306 Β
625 3260 641 3308 7
660 3250 816 3326 ἐλευθέραν
835 3276 897 3325 φων
917 3275 933 3310 ν
952 3254 972 3309 O
1001 3251 1023 3312 έ.
1042 3256 1092 3324 τὴν
1113 3254 1213 3323 φωνὴν

199 3321 225 3376 R
316 3331 349 3378 10
368 3325 587 3394 ἀνομολόγησετε
606 3325 630 3378 Α
649 3325 685 3380 ἀν
705 3255 969 3399 δμολογήσετ<έὲΒ
1061 3331 1089 3380 11
1112 3326 1213 3380 τοῦτον

167 3393 443 3449 ·ΑΒοτοῦτοΒλ)
517 3396 758 3452 12*τδαύτὸο
