2538 3884
145 211 210 276 376
569 205 736 258 -Θ-

145 376 244 458 μόσιν
267 369 381 448 αὐτοῖς
402 379 460 454 τῆς
481 367 674 452 άνανδρίας,
696 367 737 431 τὰ
761 362 790 432 δ
814 366 1083 450 ὑπομιμνήσκων
1103 376 1171 430 τῶν

145 475 315 564 προτέρων
344 475 501 560 ἀγόνων,
528 475 568 539 τὰ
596 469 634 538 δὲ
659 473 720 557 την
744 473 907 557 αἰσχύνην
931 469 1171 554 ἐπιλεγόμενος

74 666 78 674 Ι
145 585 200 652 καὶ
224 587 283 651 τὸν
306 583 477 664 κίνδυνον,
500 580 536 657 ὃς
558 581 808 662 καταλήψεσθαι
831 577 954 655 αὐτοὺς
972 579 1113 660 ἔμελλεν
1133 577 1171 643 ἐν

147 700 186 778 τῇ
209 698 317 777 φυγῇ,
344 693 506 754 τελευτῶν
528 681 620 751 εἶπεν
644 685 706 752 οὐκ
729 681 869 769 ἀληθές,
897 684 915 749 ὃ
939 683 1083 768 μάλιστα
1105 681 1170 768 μὲν

121 808 217 874 ιτοῖς
247 792 418 881 σφετέροις
447 792 574 878 θάρσος
603 790 802 876 παρέστησε,
831 801 901 868 τοῖς
932 786 970 855 δέ
996 794 1168 874 πολεμίοις

150 901 232 980 δέος.
278 905 340 988 ἔφη
363 901 444 986 γάρ,
467 900 518 970 ὅτι
540 899 685 985 θάτερον
708 898 818 964 αὐτῶν
840 898 905 982 ἤδη
929 895 1028 982 κέρας
1051 895 1169 976 ἐξέωσε

150 1013 229 1087 τοὺς
255 1012 434 1093 πολεμίους
460 1003 515 1073 καὶ
544 1004 642 1089 ἐγγὺς
669 1003 832 1089 ἦδη“έστλ
860 1012 920 1070 τοῦ
949 1002 1089 1069 ἐκείνων
1113 1003 1170 1088 χά-

22 1139 29 1162 -·
117 1121 260 1202 λροικος.
305 1113 397 1181 ταῦτ’
423 1114 525 1179 εἰπὼν
548 1111 667 1200 ἐνσείει
690 1122 760 1188 τοῖς
782 1114 969 1195 πολεμίοις,
991 1107 1048 1174 καὶ
1071 1133 1171 1174 κατα-

151 1223 213 1306 βὰς
245 1219 309 1286 άπὸ
337 1229 397 1286 τοῦ
424 1220 527 1284 ίππου
555 1220 619 1283 σὺν
651 1226 720 1295 τοῖς
747 1213 828 1302 ἄμφ’
856 1217 959 1281 αὐτὸν
988 1213 1172 1292 ἐπιλέκτοις

112 1349 139 1390 ιο
152 1337 219 1393 τῶν
248 1323 373 1392 ίππέων
401 1323 571 1408 συστάδην
599 1321 745 1408 ἐμάχετο.
791 1321 827 1388 ἐκ
853 1319 892 1387 δέ
919 1322 1042 1388 τούτου
1063 1325 1172 1405 τόλμα

152 1458 202 1512 τις
225 1432 375 1517 ἐμπίπτει
398 1441 467 1507 τοῖς
489 1429 655 1514 κάμνουσι
677 1426 769 1512 τέως,
791 1425 847 1493 καὶ
871 1427 1042 1494 ὠθοῦνται
1066 1429 1174 1493 ἅπαν-

152 1563 206 1617 τες
233 1539 342 1624 ὥσπερ
369 1535 478 1622 ἕτεροί
498 1559 586 1612 τινες
608 1537 794 1618 γεγονότες·
824 1532 880 1599 καὶ
903 1535 939 1599 οί
960 1535 1174 1600 Οὐολοῦσκοι

156 1681 194 1692 -—
221 1645 299 1728 τῇδε
327 1643 389 1727 γὰρ
418 1640 539 1708 ἐκεῖνοι
567 1639 722 1719 ἐτάξαντο
753 1677 791 1687 -
821 1637 917 1726 μέχρι
943 1645 1072 1707 πολλοῦ
1102 1642 1174 1706 δια-

154 1749 412 1834 καρτερήσαντες
439 1746 621 1814 ἐνέκλιναν.
668 1747 712 1824 ὡς
739 1742 776 1812 δὲ
803 1748 943 1824 τούτους
969 1747 988 1814 ὁ
1017 1750 1175 1838 Κοίντιος

116 1877 143 1918 ιι
157 1853 344 1936 ἀπεώσατο,
366 1851 492 1937 ἀναβὰς
516 1853 568 1919 ἐπὶ
591 1856 651 1920 τὸν
673 1854 775 1918 ἵππον
797 1856 1011 1940 παρήλαυνεν
1036 1850 1089 1918 ἐπὶ
1112 1855 1175 1938 τὴν

157 1957 272 2044 ἑτέραν
300 1957 407 2044 τάξιν,
434 1957 490 2024 καὶ
518 1961 665 2026 ἐδείκνυε
693 1971 762 2036 τοῖς
790 1957 859 2025 ἐκεῖ
878 1963 987 2039 πεζοῖς
1011 1963 1047 2026 τὸ
1070 1960 1238 2044 ἡττώ-1904

157 2090 261 2153 μενον
283 2075 351 2131 τῶν
373 2069 542 2151 πολεμίων
565 2065 681 2151 μέρος,
703 2063 759 2132 καὶ
781 2067 1016 2152 παρεκελεύετο
1040 2069 1085 2153 μὴ
1110 2071 1175 2132 λεί-

158 2181 281 2240 πεσθαι
304 2171 403 2259 ἀρετῇ
427 2182 493 2238 τῶν
518 2170 648 2258 ἑτέρων.

224 2278 344 2344 LVIII.
373 2275 440 2342 Καὶ
463 2279 543 2362 μετά
566 2275 656 2344 τοῦτ’
678 2275 778 2344 οὐδὲν
802 2281 850 2344 ἔτι
873 2277 1004 2364 διέμενε
1026 2290 1095 2345 τῶν
1118 2301 1176 2347 πο-

19 2429 21 2434 ,
119 2408 145 2448 το
159 2390 297 2470 λεμίων,
324 2383 408 2449 άλλά
430 2384 550 2460 πάντες
572 2387 619 2462 είς
641 2385 700 2449 τὸν
722 2385 850 2471 χάρακα
873 2383 1089 2471 ξυνέφευγον.
1137 2387 1177 2452 οὐ

160 2491 274 2576 μέντοι
298 2489 410 2568 δίωξίς
433 2486 463 2574 γ’
491 2489 601 2556 αὐτῶν
626 2488 679 2556 ἐπὶ
701 2495 787 2557 πολὺ
811 2489 953 2576 ἐγένετο,
976 2490 1048 2558 ἀλλ’
1073 2493 1178 2570 εὐθὺς

161 2599 197 2664 οί
212 2594 365 2682 Ῥωμαῖοι
384 2595 621 2682 ἀπετράποντο,
644 2598 710 2664 ὑπὸ
728 2600 835 2664 κόπου
853 2600 893 2663 τά
912 2598 1046 2682 σώματα
1065 2621 1178 2686 παρει-

162 2701 257 2788 μένοι
279 2701 334 2768 καὶ
358 2699 437 2770 οὐδὲ
459 2703 499 2769 τά
523 2704 608 2770 ὅπλα
631 2706 679 2769 ἔτι
703 2704 802 2789 ὅμοια
825 2707 963 2790 ἔχοντες.
996 2705 1123 2788 ὀλίγων
1141 2702 1177 2771 δέ

234 2963 306 3019 4δὲ
326 2962 405 3019 εἶπεν
423 2965 449 3019 A
472 2963 551 3022 εἷπεν
570 2984 624 3022 om.
643 2967 690 3021 Ba
714 2970 718 3038 Ι
744 2967 839 3037 ἀληθῆ
857 2968 905 3021 Bb
925 2933 1071 3037 άληθίγςῦ
1161 2973 1176 3021 5

163 3036 272 3108 θάρσος
291 3077 297 3090 .
315 3079 321 3091 .
340 3033 538 3106 παρέστησεΒ
620 3033 771 3104 δέξὲλυσε
789 3039 835 3092 Ba
858 3034 1001 3106 ἐξέωσεΒ
1076 3037 1177 3107 Ὶέστη

164 3104 399 3180 ΑΙέκείνουΑ
472 3115 503 3163 12
528 3107 558 3164 οί
574 3126 628 3165 om.
647 3109 723 3163 Assa
796 3115 829 3164 14
853 3110 901 3182 ὡς]
921 3108 1016 3172 ἐωςΑ
1092 3117 1126 3166 16
1147 3110 1177 3163 τὸ

166 3199 220 3238 om.
239 3180 286 3234 Ba
349 3185 383 3235 18
403 3173 521 3250 ἑταίρων
540 3197 562 3235 ο.
583 3180 705 3250 Sylburg
768 3188 802 3235 20
821 3181 980 3250 ξυνέφυγον
1000 3179 1023 3234 Ο
1043 3180 1179 3251 ξυνέφευ-

165 3272 216 3322 γον
239 3269 262 3307 ο.
283 3249 749 3321 GrasbergerTess.He1-b.p.25
839 3259 873 3307 23
898 3251 993 3323 ὅμοια]
1014 3250 1139 3322 ἀκέραια
1157 3269 1179 3308 ο.

166 3322 297 3378 Ηετίλοὶω
315 3321 432 3377 Hermes
446 3323 472 3376 X
491 3328 553 3389 419,
573 3320 603 3377 οί
618 3322 716 3378 πολλοὶ
735 3321 808 3378 Smit
825 3322 892 3379 obs.
911 3341 939 3392 p.
953 3329 996 3391 41,
1016 3324 1139 3395 βεβαίως
1152 3340 1178 3378 ο.

166 3392 269 3448 Garrer
292 3392 357 3448 Obs.
380 3410 408 3461 p.
432 3399 464 3447 76
493 3395 527 3450 cf.
552 3393 676 3448 Schenkl
698 3393 828 3448 Bursiani
850 3393 948 3450 Litter.
967 3393 1039 3450 Anu.
1059 3395 1180 3452 breviar.

167 3480 195 3529 p.
210 3468 271 3528 280,
289 3478 353 3515 mea
370 3462 487 3530 quidem
506 3463 646 3520 sententia
664 3463 736 3518 nihil
754 3466 921 3520 mutandum
939 3469 984 3520 est
