2538 3884
123 146 190 211 354
544 145 712 198 -Θ-

88 309 272 393 2πονηρᾶς
300 305 400 392 ῥίζης.
445 305 486 372 ού
516 306 580 390 γὰρ
610 307 701 371 ἐσται
729 302 831 390 πέρας
859 303 932 370 οὐδ’
963 303 1153 387 ἀπαλλαγὴ

123 423 189 480 τῶν
213 413 396 498 δαιμονίων
418 414 540 498 χόλων,
562 410 624 489 ἕως
646 410 689 477 ἂν
710 411 770 494 ἥδε
793 411 813 494 ἡ
837 411 1002 496 βάσκανος
1024 411 1156 497 ἐρινὺς

123 516 179 585 καί
202 515 388 604 φαγέδαινα
411 515 620 602 ἐγκαθημένη
642 517 750 582 πάντα
774 517 861 604 σηπη
879 515 935 582 καὶ
954 519 1155 603 διαφθείρῃ

124 626 164 691 τδι
190 623 284 691 καλοί.
330 621 402 690 ἀλλ’
426 619 511 711 ύπδρ
539 619 601 708 μὲν
626 624 754 690 τούτων
781 621 892 709 ἔτερος
920 625 1011 690 ἔσται
1039 627 1156 715 λύγος

98 729 179 796 ικαὶ
201 732 315 815 καιρὸς
338 729 607 814 ἐπιτηδειότερος,
629 738 694 796 νῦν
716 725 747 793 δ’
771 727 842 794 ἐπεὶ
863 730 903 794 τὰ
925 732 1076 813 παρόντα
1104 723 1153 794 εὖ

124 840 280 902 τίθεσθαι
303 836 377 921 χρή,
399 842 509 900 πᾶσαν
532 835 705 920 εἰρωνείαν
725 832 821 919 ἀφεὶς
839 834 918 900 τάδε
935 835 1019 919 ὑμῖν
1038 833 1152 918 λέγω·

126 941 204 1009 οὔδ’
230 943 289 1007 ὅδε
311 941 330 1008 ὁ
353 943 455 1025 νόμος
477 936 546 1006 οὔτ’
569 942 669 1018 ἄλλος
692 939 814 1024 οὐδείς,
838 940 878 1006 δν
902 941 963 1026 οὐχ
985 940 1008 1024 ἡ
1031 942 1152 1026 βουλὴ

125 1047 376 1134 προβουλεύσει,
399 1048 513 1132 κύριος
536 1043 590 1112 ἐπί
607 1054 666 1130 τῆς
683 1043 762 1130 ἐμῆς
778 1047 934 1122 ὑπατείας
951 1049 1152 1130 γενήσεται,

126 1152 209 1218 ἀλλὰ
236 1150 291 1218 καὶ
319 1156 431 1237 λόγοις
457 1152 665 1237 ἀγωνιοῦμαι
691 1150 767 1240 περὶ
794 1159 851 1236 τῆς
877 1151 1148 1238 ύριστοκρατινις,

85 1281 112 1320 ιο
125 1257 188 1324 κᾶν
210 1259 259 1336 είς
280 1259 320 1324 τὰ
343 1261 424 1345 ἐργα
446 1256 505 1345 δέη
523 1268 643 1346 χωρεῖν
661 1255 735 1324 οὐδ’
753 1257 790 1324 ἐν
808 1259 939 1337 τούτοις
956 1269 1024 1324 τῶν
1042 1257 1146 1324 ἐναν-

125 1362 311 1450 τιουμένων
343 1369 549 1450 λελείψομαι·
585 1362 641 1430 καί
672 1365 704 1430 εί
732 1365 777 1449 μη
810 1366 972 1450 πρότερον
1004 1367 1148 1448 ἔγνωτε,

126 1471 209 1557 ὅσην
235 1473 332 1559 ἰσχὺν
355 1473 421 1558 ἔχει
443 1474 480 1538 τὸ
504 1482 572 1538 τῶν
594 1470 729 1538 ὑπύτων
750 1470 881 1556 κρύτος,
904 1468 958 1536 ἐπὶ
979 1479 1039 1555 τῆς
1061 1469 1148 1555 ἐμῆς

125 1577 227 1664 ἀρχῆς
249 1579 454 1662 μαθήσεσθε.

192 1682 375 1748 XXXXVI.
403 1681 540 1758 ’Ἄππιος
562 1678 624 1767 μὲν
647 1683 688 1766 δὴ
712 1678 801 1749 ταῦτ’
825 1677 928 1767 εἶπεν,
951 1681 988 1748 ἐκ
1010 1679 1050 1748 δὲ
1072 1694 1146 1750 τῶν

87 1807 112 1848 1⁵
127 1788 307 1872 δημαρχων
330 1787 348 1853 ὁ
370 1789 594 1872 πρεσβύτατος
615 1786 671 1853 καὶ
688 1792 844 1854 πλείστου
863 1786 1045 1874 ἀξιώματος
1063 1811 1146 1872 τυγ-

126 1892 254 1979 χύνων,
283 1891 384 1970 Γύιος
410 1894 611 1978 Λαιτώριος,
640 1893 725 1979 ἀνὴρ
756 1897 793 1960 ἐν
822 1918 857 1960 τε
887 1906 956 1972 τοίς
984 1891 1222 1978 πολέμοις1869

126 2105 281 2191 πράττειν
304 2105 365 2172 ούκ
383 2104 559 2191 ἀδύνατος,
581 2105 751 2173 ἐνίσταται
769 2110 852 2192 πρὸς
869 2100 959 2172 ταῦτ’
977 2105 1145 2190 ἀπολογη-

80 2237 82 2241 ·
128 2214 281 2296 σύμενος·
318 2208 374 2278 καὶ
402 2213 542 2296 διῆλθεν
569 2207 653 2299 ὑπὲρ
680 2223 740 2279 τοῦ
768 2214 876 2297 δήμου
904 2216 1007 2296 λόγον
1032 2215 1145 2278 πολὺν

89 2338 116 2383 το
129 2316 194 2383 ἀπὸ
216 2329 284 2384 τῶν
307 2318 441 2384 ἄνωθεν
465 2316 658 2404 ἀρξάμενος·
683 2319 728 2397 ὡς
748 2320 873 2396 πολλὰς
895 2315 956 2403 μὲν
973 2316 1029 2383 καὶ
1047 2325 1145 2402 χαλε-

127 2423 190 2500 πδις
213 2428 381 2510 στρατείας
404 2426 440 2490 οί
458 2425 752 2510 βλασφημούμενοι
775 2428 858 2510 πρὸς
880 2423 982 2491 αὐτοῦ
1004 2422 1146 2508 πένητες

128 2527 401 2617 ἐστρατεύσαντο,
430 2531 471 2596 ού
498 2533 604 2615 μόνον
628 2528 771 2596 ἐπὶτῶν
793 2529 975 2616 βασιλέων,
1002 2529 1057 2595 ὅτε
1079 2531 1145 2614 την

128 2633 275 2719 ἀνάγκην
298 2637 341 2700 ύν
363 2659 413 2713 τις
435 2632 608 2722 ᾐτιάσατο,
635 2635 718 2702 ύλλδ
740 2633 796 2701 καί
818 2636 898 2720 μετὰ
920 2637 981 2720 την
1004 2634 1145 2701 ἐκείνων

129 2737 270 2824 ἐκβολὴν
288 2738 483 2826 ἐλευθερίαν
501 2741 663 2824 κτώμενοι
676 2749 714 2826 τῇ
728 2741 863 2825 πατρίδι
875 2737 932 2806 καί
944 2740 1144 2824 ἡγεμονίαν·

141 2991 142 2994 “
199 2959 445 3088 3<σ>ύὲπ>ηῌ
498 2960 639 3048 4ἕτίροις
657 2965 727 3038 Bal
750 2965 852 3089 λόγορς
870 2965 982 3039 καὶ>Β
1037 2971 1145 3036 8προ·

128 3034 264 3111 βουλεύση
284 3051 307 3089 ο.
345 3029 450 3088 ιιύεοιε
469 3034 529 3091 Em.
548 3037 631 3091 D1on.
649 3036 711 3090 114
734 3037 784 3090 sed
807 3053 842 3092 ο.
863 3037 1010 3090 Βουωοοω
1033 3037 1069 3091 de
1088 3055 1144 3091 usu

127 3107 201 3163 mod.
221 3126 249 3177 p.
263 3111 297 3160 46
358 3111 391 3160 10
410 3104 494 3160 οὐδὲν
512 3105 564 3160 ΑΒ
583 3123 652 3162 corr.
671 3105 774 3161 Reiske
795 3111 799 3177 1
819 3107 925 3162 τούτων
944 3106 967 3162 0
986 3109 1100 3176 praeter
1118 3108 1143 3160 Β

129 3187 162 3235 12
182 3175 375 3254 <ἐχειτὸ>Β
448 3181 481 3232 14
500 3176 536 3246 δὴ
556 3193 610 3234 om.
629 3177 652 3230 Β
673 3181 678 3248 Ι
699 3173 742 3249 ἐκ]
762 3175 802 3240 είς
819 3195 843 3232 c.
858 3177 947 3234 Cobet
965 3176 1031 3232 Obs.
1045 3197 1073 3248 p.
1090 3183 1143 3232 182

129 3257 162 3306 16
186 3250 315 3321 λετύριος
331 3249 357 3302 Α
379 3248 531 3318 παιτύριος
548 3247 595 3302 Ba
675 3255 708 3303 21
733 3249 803 3319 πρὸς
821 3249 920 3322 αύτού]
939 3249 1009 3319 πρὸς
1024 3245 1143 3304 Ἀππίου

128 3337 152 3375 ο.
167 3320 289 3390 Sylburg
324 3325 376 3443 B23
396 3318 432 3374 δν
446 3321 510 3376 αδδ.
525 3319 548 3372 Β
564 3323 569 3388 1
589 3318 676 3374 verba
693 3319 760 3375 inde
780 3319 816 3374 ab
836 3319 885 3375 καὶ
902 3335 991 3390 usque
1008 3319 1046 3376 ad
1065 3314 1144 3374 ἐλευ-

128 3393 232 3458 θερίαν
251 3408 305 3446 om.
353 3407 370 3444 a
850 3415 855 3426 ·

127 1995 336 2083 ἐγνωσμένος
366 1994 453 2064 εἶναι
484 2000 596 2085 ψυχὴν
627 1999 670 2066 ού
700 2002 800 2078 κακὸς
830 1999 886 2067 καὶ
916 2001 957 2066 τδι
989 2003 1144 2066 πολιτικὰ
