2484 3876
483 165 650 214 -Η-
1009 165 1069 228 131
1203 148 1206 230 λ

0 319 124 391 οισούν
148 322 196 390 ἐπ’
222 323 325 390 αύτὸν
348 325 385 390 οί
404 334 461 410 τῆς
488 323 738 413 ἀριστοκρατίας
763 325 922 411 ἡγεμόνες
945 326 1073 393 ἐντείνων

60 427 120 516 μὲν
144 430 300 517 ἐξέβαλον
323 429 360 496 ἐκ
386 440 446 515 τῆς
465 436 607 516 πόλεως,
634 430 729 497 αὐτοὶ
757 429 794 497 δέ
816 435 856 498 τά
878 434 974 499 κοινὰ
996 457 1072 499 κατ-

60 535 157 624 έσχον
180 537 317 624 ἀρίστην
340 536 396 603 καί
420 537 708 623 σωφρονεστάτην,
732 539 776 616 ὡς
795 539 935 616 ἅπαντες
953 539 1072 624 ὁμολο-

58 652 167 730 γοῦσι,
188 644 672 730 καταστησάμενοιπολιτείαν.
718 647 851 732 χρόνοις
873 642 904 711 θ’
928 645 969 711 ού
992 650 1072 712 πολ-
1217 720 1218 732 χ

58 755 126 828 λοίς
150 761 217 817 τῶν
239 761 304 817 νῦν
326 752 500 837 πρότερον,
523 749 606 817 ἀλλά
630 754 742 836 τρίτον
760 751 781 836 ἢ
799 750 956 838 τέταρτον
977 752 1068 820 τοῦτ’
1098 775 1111 816 ε
1218 764 1219 785 ¹

59 859 128 934 ἔτος
147 858 184 922 οί
197 855 393 923 πενέστατοί
408 880 443 922 τε
462 854 517 923 καὶ
537 856 712 945 ἀργότατοι
726 869 793 923 τῶν
806 863 951 924 πολιτῶν
969 880 1071 944 πονη-

60 975 126 1048 ροῖς
148 965 353 1050 χρησάμενοι
376 964 576 1049 προστάταις
594 965 677 1030 ἀλλα
695 986 730 1029 τε
752 965 858 1031 πολλά
882 963 1070 1050 ἐξύβρισαν,

59 1067 109 1134 καί
135 1077 351 1148 τελευτῶντες
377 1072 554 1136 καταλύειν
579 1073 642 1154 τὴν
664 1070 917 1158 ἀριστοκρατίαν
947 1071 1070 1158 ἐπεχεί·

59 1201 147 1260 ρονν.
199 1175 250 1263 ἐφ’
282 1169 332 1254 οἷς
359 1178 500 1255 ἅπαντες
526 1174 587 1263 μὲν
615 1179 650 1243 ολ
675 1187 732 1263 τῆς
758 1181 883 1264 βουλῆς
910 1196 1069 1264 προεστη-

59 1287 145 1362 κότες
172 1285 319 1371 ἤχθοντο
346 1288 417 1369 καί,
450 1285 538 1362 ὅπως
564 1285 755 1351 παύσωνται
788 1294 846 1370 τῆς
876 1285 1004 1371 ύβρεως
1035 1285 1072 1352 οί
1083 1305 1111 1347 ιο
1230 1297 1231 1304 ’

59 1400 226 1469 κινοῦντες
247 1392 308 1476 τὴν
330 1395 511 1478 πολιτείαν,
534 1403 670 1457 σκοπεῖν
690 1391 835 1475 ἠξίουν.“
861 1388 944 1478 ὑπὲρ
963 1394 1103 1460 ἅπαν-5
1232 1377 1234 1446 ί

60 1522 110 1575 τας
133 1494 171 1564 ἀὲ
194 1501 272 1575 τοὺς
296 1497 585 1585 ἀριστοκρατικούς
608 1497 644 1562 ἐκ
667 1495 728 1583 μὲν
750 1509 817 1564 τῶν
835 1496 1069 1586 πρεσβυτέρων

55 1601 185 1682 ’Ἁππιος
207 1603 292 1690 ἀνὴρ
314 1610 448 1671 πολλῶν
470 1603 562 1682 ἀξιος
583 1603 695 1670 ἕνεκεν
719 1603 943 1689 ἐπαινεῖσθαι,
972 1603 1008 1669 ἐκ
1032 1601 1070 1670 δέ

63 1721 121 1775 τῶν
141 1710 314 1798 νεωτέρων
333 1711 412 1796 ἐγώ·
436 1709 491 1778 καί
510 1714 630 1795 λόγους
649 1709 852 1796 ἐποιούμεθα
871 1712 928 1776 διά
945 1713 1069 1788 παντὸς

68 1815 111 1881 ἐπὶ
126 1827 180 1902 τῆς
198 1822 322 1903 βουλῆς
341 1816 540 1903 ἐλευθέρους
559 1818 599 1883 ού
618 1818 713 1907 δήμῳ
731 1822 964 1902 πολεμοῦντες,
983 1817 1066 1884 ἀλλά
1081 1839 1106 1878 15
1236 1879 1238 1882 .

67 1929 317 2012 πονηροκρατίαν
326 1926 550 2010 ὑφορώμενοι,
564 1921 644 1990 ούδέ
658 1925 980 1990 καταδουλώσασθαί
991 1949 1066 1990 τινα

68 2032 251 2115 βουλόμενοι
273 2030 458 2117 Ῥωμαίων,
488 2029 571 2096 ἀλλά
593 2033 630 2096 τὸ
654 2027 716 2116 μὲν
739 2030 920 2117 ἐλεύθερον
942 2033 1065 2097 άπασιν

22 2133 221 2216 ιοιεάξιοῦντες
246 2139 423 2225 ὑπάρχειν,
455 2139 516 2222 τὴν
544 2134 582 2202 δὲ
608 2141 812 2223 προστασίαν
843 2148 910 2203 τῶν
942 2148 1066 2204 κοινῶν

69 2239 278 2311 ἀποδεδόσθαι
301 2258 371 2323 τοῖς
393 2249 568 2331 κρείττοσι.

121 2349 173 2417 VI.
211 2350 317 2417 Ταῦθ’
348 2351 490 2438 ὁρῶντες
519 2352 556 2417 οί
579 2354 800 2437 πονηρότατοι
826 2359 885 2416 τοῦ
911 2352 1064 2435 πλήθους
1078 2371 1104 2410 ω

70 2451 171 2524 ἐκείνοι
198 2455 377 2543 προστάται
406 2459 557 2544 πρώτους
584 2459 734 2541 ἔγνωσαν
760 2456 842 2542 ἡμᾶς
864 2459 941 2534 τούς
962 2481 1063 2542 φανε-

14 2549 16 2584 *
70 2563 176 2642 ρύτατα
211 2563 487 2650 ἐναντιουμένους
518 2566 633 2649 σφίσιν
666 2562 816 2630 ἐκποδὼν
846 2566 1064 2650 ποιήσασθαι,

71 2668 114 2754 οὐχ
135 2669 187 2756 ἅμ’
210 2669 410 2758 ἀμφοτέροις
433 2671 708 2757 ἐπιχειρήσαντες,
731 2671 850 2755 ἵναμὴ
873 2670 1063 2757 ἐπίφθονόν

71 2795 94 2837 τε
114 2775 163 2842 καί
190 2781 278 2865 βαρὺ
305 2779 343 2843 τὸ
371 2787 505 2865 πρᾶγμα
532 2775 680 2862 γένηται,
713 2773 783 2843 ἀλλ’
812 2775 866 2842 ἀπ’
893 2777 975 2863 ἐμοῦ
1003 2788 1063 2846 τοῦ

72 2881 210 2971 νεωτέρου
238 2909 273 2950 τε
302 2883 359 2950 καὶ
387 2882 749 2970 εὐμεταχειριστοτέρου
787 2881 973 2971 ἀρξάμενοι.
1024 2887 1061 2950 τὸ
1075 2901 1101 2942 2⁵

73 2983 114 3066 μίν
142 2985 202 3056 οὖν
235 3001 367 3077 πρῶτον
402 2992 538 3077 άκριτόν
569 3013 608 3074 με
646 2988 860 3075 ἐπεχείρησαν
892 2989 1060 3074 ἀπολέσαι,
1157 3023 1170 3036 ..

125 3224 152 3273 10
169 3219 326 3275 παύσονται
344 3235 368 3275 ο.
387 3217 517 3273 Hertlein
534 3218 650 3272 Hermes
668 3217 692 3271 X
713 3234 741 3285 p.
756 3224 807 3272 417
887 3224 919 3271 12
937 3218 1063 3288 πρεσβυ-

73 3285 137 3342 τάτων
155 3289 176 3344 0
196 3307 265 3345 corr.
284 3289 389 3345 Roiske
481 3296 514 3345 13
533 3288 644 3344 *ἕνεκα
663 3290 689 3341 Α
712 3287 792 3343 ένικοι
810 3289 833 3342 Β
857 3287 903 3342 ένε
926 3308 945 3341 α
965 3303 1021 3343 om.
1042 3286 1062 3341 O

73 3355 116 3413 add.
132 3359 200 3432 Cmg
218 3359 315 3416 ἕνεκεν
333 3377 385 3432 ego
459 3368 491 3416 17
507 3360 671 3434 βουλόμενοι
683 3359 785 3413 adm
858 3359 1063 3423 18κάξιοῦντες

72 3425 106 3494 τὴν
120 3430 139 3483 Β
155 3433 298 3499 ἀξιοῦντες
316 3431 390 3504 ἔχειν
408 3433 460 3503 τὴν
478 3432 503 3486 R
521 3433 548 3489 ἀ.
566 3430 703 3502 ὑπάρχειν
721 3430 773 3498 τὴν
790 3429 893 3483 Reiske

860 3517 898 3571 9*
