2484 3876
75 156 182 260 ⁴92
565 157 725 206 ·Z-

140 322 250 404 λόχων
272 315 472 383 καὶτούτων
492 318 538 393 είς
556 314 589 394 ἓξ
608 314 819 402 διῃρημένων
839 319 1025 402 συμμορίας
1042 317 1177 402 πρώτη

139 421 200 509 μὲν
224 423 371 490 ἐκαλεῖτο
396 427 562 508 συμμορία
584 420 640 487 καὶ
658 423 719 506 τὴν
736 432 852 508 ψῆφον
871 421 1030 508 ἐπέφερεν
1049 423 1072 507 ἡ
1093 435 1176 488 τῶν

140 531 284 616 ἐχόντων
306 532 344 596 τὸ
367 528 522 614 μέγιστον
544 532 667 614 τίμημα
689 537 746 612 τῆς
768 528 884 604 οὐσίας
906 527 962 594 καὶ
984 530 1047 612 τὴν
1069 531 1177 614 πρώ-

139 662 201 722 την
224 638 462 722 λαμβανόντων
485 635 578 713 τάξιν
602 634 638 700 έν
661 634 829 719 πολέμοις·
861 633 898 700 έν
922 627 973 712 οἷς
994 631 1084 720 ἦσαν
1112 637 1178 701 ίπ-

112 742 228 810 ιπέων
261 739 322 829 μέν
352 743 572 809 ὀκτωκαίδεκα
602 744 710 826 λόχοι,
741 744 848 820 πεζῶν
879 738 910 807 δ’
942 741 1177 826 ὀγδοήκοντα.

104 849 278 937 4δευτέρα
310 848 340 916 δ’
373 849 579 934 ἐψηφοφόρει
612 852 778 933 συμμορία
809 858 877 914 τῶν
906 847 1177 935 ὑποδεεστέρων

139 969 209 1036 τοῖς
231 962 318 1044 βίοις
339 953 394 1021 καί
417 957 478 1039 την
500 955 747 1038 ὑποβεβηκυῖαν
771 953 864 1032 τάξιν
887 953 924 1020 έν
944 966 1015 1032 ταῖς
1038 956 1177 1042 μάχαις

142 1061 363 1150 [μαχομένων]
388 1059 443 1126 καὶ
466 1061 629 1145 ὁπλισμὸν
652 1061 693 1126 οὐ
715 1063 775 1125 τὸν
798 1060 900 1143 αὐτὸν
924 1060 1071 1146 ἐχόντων
1089 1075 1231 1140 τοῐς14ε

140 1169 399 1253 πρωτοστάταις,
422 1165 495 1234 ἀλλ’
517 1166 686 1233 ἐλάττονα·
714 1176 813 1233 τοῦτο
837 1162 875 1231 δέ
898 1169 935 1232 τὸ
958 1173 1090 1251 πλῆθος
1116 1173 1175 1247 είς
1230 1201 1231 1234 ι

101 1295 128 1336 10
141 1282 245 1340 είκοσι
273 1277 392 1360 λόχους
419 1272 683 1357 συντεταγμένον
709 1267 769 1357 ἦν,
796 1271 1008 1357 προσέκειντο
1036 1273 1069 1339 δ’
1100 1276 1174 1340 αὐ-

139 1393 209 1459 τοῖς
227 1383 290 1448 δύο
314 1377 381 1448 ίλαι
403 1384 567 1447 τεκτόνων
585 1377 639 1445 καὶ
657 1381 874 1465 χαλκοτύπων
892 1378 948 1445 καὶ
967 1381 1040 1446 ὅσοι
1059 1383 1172 1448 ἄλλοι
1230 1413 1231 1418 ’

139 1493 326 1572 πολεμικῶν
350 1491 457 1574 έργων
479 1483 565 1572 ἦσαν
587 1485 797 1572 χειροτέχναι.
835 1489 871 1554 οί
892 1485 921 1552 δ’
946 1487 982 1552 έν
1004 1496 1043 1573 τῇ
1063 1493 1172 1577 τρίτη

141 1599 308 1683 συμμορία
340 1594 539 1677 καλούμενοι
572 1596 691 1678 λόχους
719 1588 781 1677 μέν
809 1592 1011 1678 ἐξεπλήρουν
1039 1582 1171 1681 Ιείκοσι,
1230 1611 1231 1616 ’

140 1703 262 1784 τίμημα
291 1697 322 1765 δ’
348 1696 439 1786 είχον
465 1701 599 1764 ἔλαττον
622 1709 688 1769 τῶν
712 1697 878 1781 δευτέρων
900 1697 956 1764 καὶ
979 1700 1072 1779 τάξιν
1096 1705 1171 1786 τὴν
1230 1707 1231 1747 ί

101 1825 126 1866 15
141 1803 190 1870 ἐπ’
223 1805 362 1884 ἐκείνοις
391 1806 592 1888 [έλάττονα,]
624 1802 679 1870 καὶ
711 1805 796 1870 ὅπλα
824 1805 885 1870 οὐκ
914 1811 968 1870 ίσα
995 1817 1065 1884 τοῖς
1092 1813 1170 1895 πρὸ

96 1915 125 1979 ’5
140 1912 251 1978 αὐτῶν
270 1915 398 1998 ἔφερον.
436 1912 472 1977 οί
491 1908 529 1978 δέ
552 1913 631 1997 μετὰ
654 1913 792 1988 τούτους
814 1913 1014 1996 καλούμενοι
1033 1917 1171 1999 τίμημά
1230 1995 1231 2002 ρ

140 2015 167 2083 τ’
187 2018 301 2096 οὐσίας
320 2022 455 2085 ἔλαττον
474 2015 565 2104 είχον
583 2016 637 2083 καὶ
655 2017 748 2095 τάξιν
767 2016 804 2082 έν
822 2016 955 2107 πολέμῳ
973 2022 1035 2104 τὴν
1049 2019 1169 2106 ἀσφα-

141 2123 299 2210 λεστέραν
317 2125 505 2210 ἐλάμβανον
523 2123 579 2190 καὶ
597 2125 760 2206 ὁπλισμὸν
778 2123 1035 2209 εὐσταλέστερον
1049 2123 1167 2212 εἶχον·

141 2231 298 2319 διῄρηντο
323 2228 353 2295 δ’
376 2232 422 2307 είς
445 2237 549 2296 είκοσι
571 2228 626 2296 καὶ
650 2225 742 2296 οὗτοι
761 2231 892 2314 λόχους·
916 2231 1168 2301 συνετάττοντο

101 2360 127 2399 ιο
141 2335 177 2404 δέ
205 2336 260 2403 καὶ
287 2338 416 2414 τούτοις
444 2339 505 2402 δύο
529 2339 622 2421 λόχοι
645 2340 854 2422 βυκανιστῶν
876 2334 932 2401 καὶ
955 2342 1167 2408 σαλπιστῶν.

138 2443 266 2530 πέμπτη
291 2441 321 2508 δ’
344 2443 489 2510 έκαλειτο
512 2446 679 2529 συμμορία
699 2453 766 2508 τῶν
784 2442 901 2525 ὀλίγον
919 2444 1008 2509 πάνυ
1027 2467 1168 2532 τετιμη-

139 2551 250 2634 μένων
273 2550 447 2634 ἀργυρίου,
471 2551 556 2616 ὅπλα
580 2546 610 2615 δ’
633 2545 676 2634 ἦν
699 2549 809 2613 αὐτῶν
832 2552 952 2614 σαυνία
975 2548 1031 2615 καὶ
1055 2569 1167 2638 σφεν-

140 2656 250 2720 δόναι·
279 2651 372 2721 οὗτοι
394 2655 487 2733 τάξιν
512 2657 572 2722 οὐκ
596 2652 687 2740 είχον
711 2655 747 2720 έν
770 2654 931 2739 φάλαγγι,
955 2655 1039 2722 ἀλλὰ
1060 2660 1231 2736 ψιλοὶιλοί

139 2758 195 2825 καὶ
213 2769 334 2845 κοῦφοι
353 2763 654 2844 συνεστρατεύοντο
672 2772 742 2837 τοϊς
756 2760 904 2838 ὁπλίταις
917 2764 965 2839 είς
978 2763 1165 2847 τριάκοντα
1230 2803 1231 2810 1

99 2831 125 2945 g
140 2870 259 2950 λόχους
280 2865 483 2952 διηρημένοι.
521 2867 556 2932 οί
572 2865 602 2932 δ’
620 2865 825 2949 ἀπορώτατοι
843 2879 911 2932 τῶν
928 2874 1075 2936 πολιτῶν
1095 2872 1164 2940 οὐκ

212 3065 226 3113 7
247 3053 277 3112 έν
296 3054 357 3120 ταῖς
375 3058 478 3128 μάχαις
496 3054 662 3129 μαχομένων
681 3056 704 3111 0
723 3053 754 3112 έν
772 3079 795 3114 τ.
814 3079 841 3130 μ.
862 3059 916 3116 del.
933 3059 1048 3131 Gfimm,
1067 3083 1161 3133 μαχο-

139 3129 231 3201 μένων
250 3129 305 3183 del.
319 3128 422 3184 Reiske
436 3130 481 3184 vel
499 3129 643 3200 λαχόντων
662 3127 839 3183 scribendum
857 3147 918 3184 esse
931 3135 1036 3202 censet,
1055 3152 1161 3189 τασσο-

139 3201 231 3272 μένων
255 3201 376 3271 Sylburg
449 3208 480 3255 11
505 3198 669 3270 *φνλαλΟ
693 3198 770 3268 λόχοι
792 3201 893 3254 Portus
916 3199 974 3256 ἶλαι
993 3219 1046 3273 ego
1123 3213 1159 3261 15

140 3269 259 3334 ἐκείνοις
282 3269 415 3327 ἐλάττονα
439 3273 489 3326 καὶ
511 3271 534 3326 Ο
563 3267 785 3344 έ<λ>αττον<α>
808 3271 831 3323 Β
855 3271 909 3326 del.
928 3273 1047 3328 Hudson
1122 3283 1158 3331 19

139 3343 226 3480 χεῖρα
236 3341 279 3464 {cs
294 3375 325 3382 —
342 3341 373 3396 δὲ
388 3343 452 3464 agd.
467 3342 568 3411 Bbmg
631 3348 665 3396 20
680 3343 836 3414 βυκανιτῶν
850 3342 875 3394 Α
890 3343 1158 3419 βυκαν<ιο>τ<ω>ν

199 3429 234 3464 σα
251 3421 382 3466 πιττῶν
934 3427 941 3435 ’
