2484 3876
499 175 659 224 -Ζ-
782 242 787 252 ,
1042 171 1083 236 8λ

87 331 115 398 ἐν
130 339 170 419 τῷ
188 335 392 418 προσήκοντι
409 336 533 423 κόσμῳ,
551 335 704 420 φυλακήν
718 333 879 418 οὐδεμίαν
891 334 967 419 ἄχρι
985 334 1084 402 τοῦδε

84 440 230 521 φαίνεσθε
250 436 476 524 πεποιημένοι.
506 437 562 506 καὶ
579 438 657 526 περὶ
670 436 732 525 μὲν
745 440 840 525 ὑμῶν
854 439 947 506 ούπω
962 440 1085 524 ἔδεισα,
1099 445 1120 510 6

85 545 120 627 μή
139 545 347 631 διαφθαρητε
368 546 428 623 ’τὰς
446 547 596 623 διανοίας
612 546 678 612 ὑπό
696 568 731 612 τε
750 543 915 631 μεγέθους
931 543 986 611 καὶ
1003 547 1085 628 πλή-

83 657 154 727 θους
169 650 325 736 ἀγαθῶν,
344 655 380 718 οἳ
394 654 593 738 τυραννίδος
609 675 645 719 τε
658 655 883 737 πολυχρονίου
896 652 1085 739 ήλευθερύ-

82 780 144 822 κατε
174 759 237 842 τήν
267 762 367 826 πόλιν
399 760 536 846 ἔναγχος
567 756 623 825 καλ
655 759 748 826 οὔπω
777 761 901 845 σχολήν
929 757 1084 845 ἐσχήκατε
1112 785 1125 828 ι

81 862 212 948 ύβριῗειυ
241 863 298 932 καὶ
327 874 459 951 τρυφᾶν
486 866 542 931 διδ
571 868 650 944 τοὺς
677 875 827 952 συνεχεῖς
854 863 910 931 καὶ
939 867 1085 950 μακροὺς

38 969 245 1055 ιαεαολίμους·
274 970 349 1058 περὶ
372 969 410 1038 δὲ
432 983 499 1040 τῶν
522 969 598 1059 μεθ’
620 972 705 1058 ὑμᾶς
728 969 896 1058 ἐσομένων
919 969 1085 1055 ἐνθυμού-

81 1099 164 1159 μενος
191 1078 275 1155 ὅσας
302 1077 320 1145 ὁ
348 1080 472 1162 μακρὸς
498 1079 582 1144 αίὼν
608 1076 703 1165 φίρει
730 1079 914 1163 μεταβολὰς
939 1075 1085 1160 δέδοικα,

80 1189 116 1265 μή
131 1207 161 1248 τι
178 1186 464 1270 παρακινήσαντες
483 1186 519 1250 ολ
534 1183 673 1252 δυνατοὶ
686 1185 766 1270 <οί>
781 1183 817 1250 ἐκ
830 1194 892 1251 τοῦ
905 1186 1084 1270 συνεδρίου

80 1289 219 1356 λίθωσιν
254 1293 302 1368 είς
336 1294 519 1378 μοναρχίαν
550 1293 588 1359 τὸ
619 1296 801 1378 πολίτευμα
832 1293 1085 1379 περιστήσαντες
1100 1319 1126 1359 ιο

80 1398 283 1480 τυραννικήν.

134 1501 221 1567 LVL
253 1500 330 1570 Ἐὰν
353 1498 416 1572 οὖν
437 1506 662 1590 κοινωνήσητε
684 1502 740 1571 καὶ
762 1511 807 1592 τῷ
828 1504 923 1592 δήμῳ
941 1513 1008 1569 τῶν
1026 1523 1085 1569 πο-

79 1609 286 1694 λιτευμάτων,
308 1605 413 1676 οὐδὲν
431 1610 513 1694 ὑμῖν
532 1609 655 1676 ἐνθάδε
677 1611 817 1696 φύσεται
837 1612 953 1692 κακόν,
976 1606 1046 1674 ἀλλ’
1066 1610 1084 1675 ὁ

78 1713 169 1782 πλέον
198 1719 290 1801 ἔχειν
316 1726 384 1782 τῶν
406 1717 518 1782 ἄλλων
541 1715 642 1795 ἀξιῶν
664 1714 720 1782 καὶ
742 1725 800 1800 τῆς
822 1719 945 1800 βουλῆς
966 1729 1085 1802 προσε-

79 1823 301 1908 ταιρισάμενος
314 1824 373 1888 τὸν
386 1827 594 1908 βουλόμενον
608 1834 786 1890 συννοσεῖν
804 1820 859 1889 καὶ
878 1824 1083 1888 συναδικεῖν·
1099 1850 1124 1892 ιε

79 1928 173 1994 πάντα
201 1930 267 2016 γὰρ
295 1930 335 1996 τδι
357 1932 467 1997 είκύτα
489 1931 551 2017 χρή
574 1928 650 2016 περὶ
672 1933 799 2008 πόλεως
821 1927 1085 2014 βουλευομένους

78 2047 241 2120 προνοεῖν·
273 2035 408 2120 κληθεὶς
434 2036 500 2104 ὑπὸ
527 2048 595 2102 τῶν
622 2037 800 2122 δημάρχων
828 2037 875 2113 είς
897 2038 934 2102 τὸ
956 2039 1086 2120 πλῆθος

79 2141 94 2205 δ
121 2141 222 2227 μέγας
254 2142 381 2220 ἐκεῖνος
411 2142 467 2208 καὶ
498 2146 619 2228 σεμνὸς
649 2142 815 2210 ἀποδώσει
844 2151 890 2230 τῷ
917 2144 1011 2231 δήμῳ
1037 2151 1083 2230 τῷ

78 2249 185 2338 φαύλῳ
204 2247 261 2314 καὶ
279 2258 420 2337 ταπεινῷ
441 2253 543 2334 λόγον
562 2245 610 2315 ὧν
628 2251 763 2336 πράττει
776 2271 810 2314 τε
824 2246 878 2314 καὶ
894 2250 1084 2330 διανοεῖται,
1113 2273 1117 2280 ·

79 2353 132 2419 κδν
156 2355 282 2422 ἀδικῶν
305 2359 463 2442 φαίνηται
486 2357 597 2441 δίκης,
623 2351 645 2440 ή
689 2355 727 2420 ὐ
750 2353 841 2434 ἄξιος
863 2347 901 2440 ᾗ,
928 2351 1083 2431 τεύξεται.
1098 2381 1124 2422 ω

80 2461 170 2528 αὐτὸν
198 2458 238 2528 δὲ
264 2464 324 2528 τὸν
346 2463 470 2546 δῆμον,
496 2357 754 2653 &affigi
776 2460 971 2546 τηλικαύτης
994 2457 1120 2538 ἐξω-2

81 2571 143 2644 σίας
165 2571 343 2652 γενόμενος
365 2569 497 2653 κύριος,
524 2593 547 2654 μ
624 2569 689 2635 ὑπὸ
712 2579 779 2634 τῶν
802 2569 967 2632 κακίστων
989 2566 1084 2650 ἐκδη-

36 2676 328 2759 ιιυμαγωγούμενος
346 2685 416 2751 τοῖς
433 2678 619 2760 κρατίστοις
636 2680 776 2760 πολεμῇ·
795 2671 850 2740 καὶ
868 2674 931 2760 γὰρ
946 2672 984 2739 ἐν
998 2674 1084 2763 ύχλφ

80 2785 161 2862 φιλεῖ
186 2784 344 2864 γίνεσθαι
370 2785 540 2864 τυραννίς·
573 2781 711 2866 φυλάξει
736 2803 770 2846 τε
793 2780 849 2846 καὶ
872 2777 973 2847 οὐδὲν
996 2779 1085 2848 ἐάσει

80 2897 275 2971 παρανομεῖν
298 2887 317 2953 ὁ
340 2887 510 2973 διαφέρων
537 2889 698 2974 φρονήσει
725 2886 811 2974 ἀνὴρ
839 2883 1083 2978 δικτάτωρίὺῷ
1099 2915 1125 2954 25

80 2991 164 3075 ὑμῶν
187 2995 349 3078 asom&
377 2993 413 3071 ὃς
435 2994 653 3080 αὐτοκράτορι
675 2991 731 3059 καὶ
754 2992 978 3084 ἀνυπευθύνῳ
1000 2993 1084 3078 χρώ-

142 3225 157 3273 9
177 3218 207 3275 οί
224 3221 287 3276 add.
304 3221 464 3290 Stephanus
520 3227 553 3276 13
572 3221 639 3291 ὑμῖν
657 3220 722 3275 add.
737 3220 760 3274 Β
776 3222 781 3292 Ι
798 3214 944 3275 ἐνθύδεΟ
964 3214 1084 3273 ἐνθένδε

82 3287 192 3362 Sylburg
265 3298 297 3346 15
317 3299 446 3347 συννοεῖν
465 3292 488 3346 0
508 3308 578 3347 corr.
597 3291 701 3346 Rseiske
774 3298 807 3346 16
826 3290 862 3344 τὰ
879 3307 934 3344 om.
952 3288 978 3342 A
1050 3294 1085 3343 20

81 3357 127 3416 κᾶν
149 3363 175 3415 A
202 3363 251 3418 καὶ
275 3361 330 3418 κᾶν
355 3363 378 3416 Β
450 3369 483 3416 21
510 3364 596 3418 αύτδν
620 3362 651 3417 δὲ
674 3364 724 3418 τὸν
746 3362 772 3416 Δ
797 3361 884 3416 αὐτὸν
907 3359 939 3415 δὲ
962 3357 1084 3497 δ3η>Β

82 3437 110 3484 24
127 3433 264 3504 φυλαξητε
283 3434 332 3488 καὶ
346 3433 430 3489 οὐδὲν
446 3429 514 3502 ἐύση
531 3437 555 3486 Α
610 3438 645 3486 25
664 3430 808 3500 διαφέρων
823 3429 895 3497 ἀνὴρ
910 3450 985 3500 φρον
1005 3448 1047 3484 σει
1061 3431 1083 3482 Β
