2496 3878
490 200 652 250 -Ζ-
1031 197 1076 262 45

68 368 149 424 οῦτε.
192 361 299 424 καίτοι
326 361 377 436 τίς
400 359 461 426 αάκ
484 353 593 443 οἶδεν,
620 359 672 425 ότι
693 357 794 426 παντὶ
815 367 861 448 τῷ
884 355 1113 448 βουλομίνφ4
1227 351 1228 354 “

68 464 189 552 ῥᾷστον
212 467 312 550 ἔργον
330 463 373 532 ἀν
390 463 521 549 γίνοιτο
539 464 675 552 συγχέαι
693 463 748 532 καὶ
767 464 898 532 ἀνελεῖν
916 465 1077 550 ὁμόνοιαν

13 569 104 636 ιιιιέκ
128 574 254 648 πόλεως
278 566 405 638 τοιαῦτ’
431 571 642 656 ἐγκαλοῦντι,
669 565 717 638 ὧν
739 572 760 656 ή
783 575 891 649 πίστις
912 569 1079 655 μέλλουσα

67 675 118 742 καί
140 676 177 743 ἐν
202 677 315 766 ἀδήλῳ
339 680 387 744 ἔτι
410 671 494 743 οὖσα
518 678 559 745 οὐ
577 679 709 762 φυλακή
728 675 796 743 ίστι
813 687 875 744 τοῦ
893 677 937 761 μή
956 682 1079 742 παθεῖν

66 808 94 848 τι
125 787 246 867 κακόν,
278 782 363 850 ἀλλὰ
393 787 559 871 πρόφασις
589 793 649 852 τού
681 782 824 862 ἀδικεῖν;
856 779 912 848 καὶ
940 781 982 848 ού
1011 759 1119 874 τοῖςῖή5
1233 854 1234 890 ρ

67 892 304 975 προεστηκόσιν
326 889 422 975 ὑμῶν
444 893 550 975 μόνον
573 884 621 957 ὧν
640 890 858 975 διαβάλλουσι
874 889 936 972 τήν
953 889 1081 974 βουλήν

68 995 118 1062 καὶ
141 1005 412 1082 συκοφαντοῦσιν
435 995 587 1082 ἐπιτιμᾶν
610 995 716 1081 ἀξιον,
739 995 822 1062 ἀλλά
844 993 899 1062 καὶ
919 995 1000 1079 ὑμῖν
1019 994 1081 1080 οὐχ

67 1098 164 1194 ήττον
192 1097 242 1170 ὧν
269 1104 436 1170 πιστεύετε
464 1101 658 1180 αὐτοῖςκαὶ
684 1100 764 1189 πρὶν
791 1103 855 1188 <ή>
881 1107 1082 1187 πειραθῆναι

69 1207 289 1290 ἀγανακτεῖτε.
340 1217 425 1294 χρῆν
455 1211 519 1294 γὰρ
550 1209 652 1294 ὑμᾶς,
684 1211 715 1276 εί
744 1209 785 1275 τὰ
817 1207 978 1292 μέλλοντα
1005 1206 1083 1292 ἐφο-

68 1317 182 1396 βεῖσθε
206 1313 403 1399 ἀδικήματα,
425 1313 481 1380 καί
502 1316 561 1394 τὰς
579 1313 629 1382 ἐπ’
650 1315 764 1392 αὐτοῖς
781 1315 882 1401 όργάς
899 1315 1083 1401 μελλούσας
1095 1333 1121 1374 ιο

67 1422 161 1504 ἔχειν.
202 1429 268 1486 νῦν
291 1417 329 1486 δὲ
351 1424 513 1506 φαίνεσθε
535 1422 696 1507 ταχύτερα
719 1425 847 1506 μᾶλλον
868 1420 889 1505 ή
913 1422 1083 1507 φρονιμώ-

67 1549 141 1608 τερα
167 1525 349 1609 ἐγνωκέναι
372 1525 486 1594 καὶτὸ
509 1525 756 1614 ἀσφαλέστερον
779 1527 816 1594 ἐν
837 1535 882 1616 τῷ
901 1548 1083 1611 κακουργο-

67 1630 146 1721 τίρφ
171 1631 313 1700 τιθέναι.

128 1738 238 1804 XXX.
269 1737 355 1821 Περὶ
381 1735 443 1824 μὲν
470 1739 511 1823 δή
538 1750 606 1806 τῶν
627 1749 751 1808 κοινῶν
774 1737 1001 1824 ἀδικημάτων,
1028 1735 1080 1824 ἀφ’

68 1835 115 1921 οἷς
136 1846 203 1928 τήν
226 1847 355 1930 βουλήν
378 1846 412 1913 οί
433 1847 595 1933 δήμαρχοι
614 1844 783 1931 διέβαλον,
805 1844 955 1931 ἀποχρῆν
972 1851 1084 1930 οῖομαι
1098 1863 1124 1908 ιι

69 1949 201 2018 τοσαῦτ’
219 1953 385 2036 εἰρῆσθαι.
422 1948 491 2018 ἐπεὶ
515 1948 553 2018 δὲ
575 1949 631 2018 καί
648 1948 725 2018 καθ’
747 1951 805 2019 ἕνα
823 1951 962 2019 ἑκαστον
979 1951 1086 2036 ήμῶν,

68 2055 140 2144 περὶ
172 2051 221 2123 ὧν
251 2057 294 2124 ἀν
315 2063 458 2142 εἴπωμεν
481 2057 517 2125 ἐν
540 2067 579 2143 τῆ
603 2062 720 2144 βουλῆ,
743 2068 1003 2144 συκοφαντοῦσι,
1030 2056 1086 2124 καὶ

71 2164 239 2230 διιστάναι
258 2164 318 2246 τήν
336 2166 435 2231 πόλιν
454 2166 635 2249 αἰτιῶνται,
652 2162 708 2230 καί
722 2173 786 2230 νῦν
800 2165 905 2233 Γάιον
917 2165 1087 2250 Μάρκιον,

21 2270 176 2355 ιειεάνδρπ
208 2273 406 2354 φιλόπολιν,
443 2269 604 2358 ἐλευθέρᾳ
635 2279 730 2356 φωνῆ
762 2270 971 2356 χρησάμενον
1002 2265 1087 2355 ὑπὲρ

70 2387 130 2440 τῶν
152 2386 284 2441 κοινῶν
303 2375 493 2441 ἀποκτεῖναι
513 2379 666 2462 ζητοῦσιν
684 2376 705 2460 ῆ
724 2377 860 2460 φυγάδα
877 2383 1011 2460 ποιῆσαι
1029 2381 1088 2458 τῆς
1100 2390 1128 2432 ¹⁰

69 2483 242 2569 πατρίδος,
270 2483 434 2566 βούλομαι
461 2479 516 2548 καὶ
543 2481 619 2567 περὶ
641 2483 761 2550 τούτου
784 2484 824 2548 τά
847 2484 959 2546 δίκαια
981 2481 1087 2546 εἰπεῖν

70 2591 147 2674 πρὸς
170 2589 274 2672 ὑμᾶς·
297 2585 352 2654 καὶ
375 2598 536 2673 σκοπεῖτε,
559 2590 590 2653 εί
610 2593 763 2675 μετρίους
784 2584 839 2653 καὶ
862 2585 1000 2671 ἀληθεῖς
1022 2587 1087 2675 ἐρῶ

72 2697 142 2771 τοὺς
165 2696 302 2776 λόγους.
346 2693 455 2778 ὑμεῖς,
483 2688 509 2758 ὦ
533 2696 686 2779 δημόται,
714 2694 984 2778 διαλλαττόμενοι
1006 2692 1125 2780 πρὸς2
1192 2743 1196 2752 .

72 2802 125 2883 τήν
152 2799 289 2884 βουλήν
317 2798 465 2884 ἀποχρῆν
491 2799 573 2884 ὑμῖν
600 2797 707 2888 ᾤεσθε
734 2809 802 2867 τῶν
829 2800 973 2866 δανείων
995 2799 1089 2885 ἀφεῖ-

73 2912 158 2990 σθαι,
183 2903 243 2972 καὶ
267 2909 429 2990 βοηθείας
450 2904 545 2972 ἕνεκα
566 2915 633 2972 τῶν
651 2903 920 2991 κατισχυομένων
936 2909 1089 2990 πενήτων
1103 2917 1130 2960 ²⁵

73 3012 232 3098 ἄρχοντας
257 3009 291 3088 ἐξ
316 3011 427 3076 αὑτῶν
449 3009 616 3096 ᾐτήσασθε
641 3009 893 3094 ἀποδεικνύναι,
917 3009 973 3075 καί
995 3007 1086 3077 ταῦτ’

135 3245 153 3292 4
174 3237 293 3308 φυλακὴ
314 3233 384 3291 οδσα
403 3235 453 3290 ΒΟ
473 3238 479 3307 Ι
498 3245 548 3292 τοῦ
567 3236 603 3306 μή
623 3236 733 3291 ἀδικεῖν
754 3235 776 3290 Ο
795 3239 908 3305 praeter
925 3235 948 3288 B
1008 3243 1024 3290 8
1043 3232 1090 3302 *ἢ

76 3309 165 3362 addidi
239 3313 257 3361 9
277 3310 293 3342 *
308 3302 393 3376 ἐχρῆν
414 3306 436 3361 Ο
456 3307 563 3364 correxi
579 3311 583 3377 Ι
606 3304 634 3362 εἰ
650 3305 784 3377 μέλλοντα
804 3304 955 3379 ἐφοβεῖσθε
973 3305 1009 3358 τὰ
1026 3306 1092 3360 ἀδι-

76 3381 179 3449 κήματα
205 3397 229 3434 c.
251 3377 410 3434 Christiani
428 3377 571 3434 conversio
590 3393 677 3447 germ.
695 3396 723 3447 p.
743 3383 794 3434 832
868 3382 901 3428 16
924 3375 974 3428 καῖ
992 3391 1046 3429 om
1067 3375 1090 3430 0

77 3455 180 3516 praeter
200 3451 224 3504 B
302 3455 336 3505 1⁷
356 3447 513 3522 είπ<ο>μεν
531 3449 554 3502 Β
