2508 3882
143 180 209 245 284
564 183 731 233 -Θ-

140 341 410 426 παραλειφθέντα
439 341 633 427 ἀναλαβεῖν,
660 340 714 406 καὶ
741 343 847 426 πολλῆ
875 341 971 427 χάρις
995 342 1071 425 ὑμῖν
1092 351 1152 425 τῆς

141 447 194 512 ἐπὶ
212 448 251 512 τδι
269 448 425 534 κράτιστα
444 449 559 531 ὁρμῆς,
581 454 615 513 εῖ
629 443 660 530 γ’
678 445 735 512 ὑπ’
752 447 869 533 ἀρετῆς
886 451 1026 530 γίνεται·
1049 458 1153 532 κρεῖτ-

116 577 199 625 ιτον
233 553 295 640 γάρ
332 554 431 630 ἐστινΥ
456 550 517 633 ὀψὲ
545 553 710 638 άρξασθαι
737 555 777 618 τά
805 552 923 620 δέοντα
950 554 1102 639 πράττειν
1127 552 1150 635 ἢ

114 670 117 682 ’
141 659 314 744 μηδέποτε·
348 657 405 725 εῖτ’
436 654 498 724 οὖν
528 661 669 736 ἅπαντες
699 659 836 742 ὁμοίους
864 661 951 743 ἔχετε
982 658 1057 745 περὶ
1085 669 1151 724 τῶν

115 771 381 854 τσνμφερόντων
404 768 600 850 λογισμούς,
622 762 677 830 καὶ
699 765 719 849 ἡ
743 769 915 850 προθυμία
938 775 997 850 τῆς
1020 763 1073 829 ἐπὶ
1093 765 1150 829 τὸν

106 872 254 956 3άγῶνα
277 874 379 960 ὁρμῆς
401 874 547 948 ἅπαντας
568 871 588 955 ἡ
613 871 695 954 αὐτῆ
718 875 903 955 κατείληφε.
945 880 1011 936 νῦν
1034 867 1072 935 δὲ
1094 893 1150 954 φο-

140 980 308 1063 βούμεθα,
338 980 382 1063 μη
410 981 450 1043 τά
477 976 552 1063 περὶ
577 987 635 1061 τῆς
657 981 855 1062 κληρουχίας
877 977 1151 1062 προσκρούσματα

140 1095 207 1149 τῶν
235 1086 422 1167 δημοτικῶν
449 1087 532 1170 πρὸς
561 1087 641 1160 τοὺς
665 1083 701 1148 έν
723 1081 809 1148 τέλει
832 1083 975 1167 μεγάλης
999 1089 1088 1147 αῖτια
1110 1091 1151 1168 τῷ

140 1198 242 1276 κοινῷ
267 1188 399 1273 γένηται
418 1190 555 1274 βλάβης·
579 1191 706 1267 ύποῆιία
724 1213 759 1254 τε
777 1189 862 1273 ἡμᾶς
878 1191 1089 1272 κατείληφεν,
1112 1189 1153 1264 ὡς

102 1295 161 1378 1οὴ
189 1293 265 1381 περὶ
293 1304 349 1378 τῆς
376 1293 491 1372 ἐξόδου
517 1296 661 1380 καταβοὴ
684 1294 739 1360 καὶ
762 1295 983 1378 ἀγανάκτησις
1006 1294 1069 1359 οὐκ
1093 1294 1153 1358 ἀπὸ

141 1409 197 1485 τῆς
220 1401 321 1484 αὐτῆς
343 1402 564 1488 προαιρέσεως
586 1402 674 1486 παρά
697 1401 839 1470 πάντων,
853 1404 995 1484 γίνεται,
1023 1397 1096 1464 ἀλλ’
1123 1400 1156 1464 ολ

141 1504 201 1590 μὲν
235 1508 279 1584 ὡς
310 1511 572 1592 τιμωρησόμενοι
604 1511 682 1584 τοὺς
713 1511 891 1590 πολεμίους
922 1511 1225 1592 προθυμεῖσθειισε

107 1620 203 1681 4τοῦ
225 1615 367 1700 χάρακος
390 1613 550 1696 ἐξελθεῖν,
574 1615 610 1679 οῖ
626 1611 656 1678 δ’
678 1615 723 1690 ὡς
741 1614 1017 1696 ἀποδρασόμενοι.
1054 1607 1154 1690 έξῶν

141 1714 178 1782 δὲ
209 1717 411 1802 παρέστηκεν
442 1720 523 1804 ἡμῖν
556 1717 654 1786 ταῦθ’
682 1720 897 1802 ὑποπτεύειν,
935 1719 976 1783 οὐ
1004 1722 1158 1802 μαντεῖαί

101 1852 126 1892 ιε
141 1825 227 1887 εἰσιν
265 1821 345 1889 οὐδὲ
376 1829 571 1910 στοχασμοί,
607 1823 679 1890 ἀλλ’
713 1827 793 1910 ἔργα
826 1823 954 1908 ἐμφανῆ
987 1823 1042 1889 καλ
1074 1820 1155 1890 οὐδὲ

140 1940 241 1995 ταῦτα
272 1932 413 2014 παλαιά,
445 1930 516 1996 ἀλλ’
548 1931 585 1996 ἐν
616 1941 660 2019 τῷ
692 1933 894 2017 παρελθόντι
927 1929 1068 2017 ἐνιαυτῷ
1103 1954 1155 2014 γε-

140 2039 279 2120 νόμενα,
307 2037 350 2113 ὡς
377 2037 519 2113 άπαντες
547 2043 630 2119 ίστε,
658 2035 705 2101 ὅτ’
729 2034 782 2101 έπῖ
809 2039 887 2112 τοὺς
909 2036 1031 2112 αὐτούς
1058 2041 1155 2101 πολε-

141 2147 236 2225 μίους
254 2145 393 2218 τούτους
410 2147 534 2225 πολλῆς
552 2139 607 2206 καλ
626 2141 755 2225 ἀγαθῆς
774 2140 972 2226 ἐξελθούσης
988 2150 1155 2226 στρατιᾶς,

140 2248 195 2313 καὶ
226 2260 284 2334 τῆς
315 2251 445 2332 πρώτης
476 2249 580 2333 μάχης
610 2250 648 2313 τὸ
677 2248 852 2333 κράτιστον
879 2248 959 2332 ἡμῖν
987 2248 1156 2330 λαβούσης

102 2355 248 2439 ιοτέλος,
277 2353 490 2438 δυνηθέντος
508 2352 550 2417 άν
578 2362 638 2418 τοῦ
665 2352 731 2419 τότ’
755 2355 894 2436 ἀγοντος
916 2353 1002 2437 ὑμᾶς
1025 2353 1155 2417 ὑπάτου

141 2463 331 2543 Καίσωνος,
364 2458 513 2542 ἀδελφοῦ
545 2455 575 2522 δ’
608 2458 689 2543 ἐμοῦ
722 2457 817 2524 τουδὶ
849 2458 903 2523 καὶ
935 2461 994 2522 τὸν
1014 2491 1018 2504 ·
1026 2458 1156 2542 χάρακα

140 2577 207 2631 τῶν
229 2570 397 2650 πολεμίων
416 2563 539 2642 ἐξελεῖν
556 2563 611 2629 καῖ
629 2568 727 2648 νίκην
744 2574 783 2650 τῆ
802 2566 935 2651 πατρίδι
954 2575 1155 2646 καταγαγεῖν
1246 2613 1247 2634 ,

141 2671 388 2756 λαμπροτάτην,
411 2672 643 2754 φθονήσαντες
666 2670 754 2757 αὐτῷ
780 2669 877 2752 δόξης
899 2669 996 2754 τινές,
1021 2670 1072 2734 ὅτι
1095 2671 1154 2752 δη-

141 2776 273 2858 μοτικὸς
296 2775 356 2838 οὐκ
379 2769 433 2857 ἦν,
456 2770 535 2839 οὐδὲ
558 2776 598 2838 τά
620 2774 840 2860 κεχαρισμένα
863 2787 932 2852 τοῖς
949 2773 1067 2858 πένησι
1086 2777 1154 2839 διε-

100 2908 127 2948 25
140 2878 226 2945 τέλει
249 2882 517 2962 πολιτευόμενος,
543 2888 581 2964 τῆ
604 2881 717 2966 πρώτη
740 2880 835 2946 νυκτὶ
858 2884 937 2967 μετά
960 2883 1021 2965 τῆν
1044 2881 1154 2966 μάχην

141 2985 387 3076 ἀνασπάσαντες
408 2986 465 3060 τάς
483 2987 606 3067 σκηνάς
623 2987 704 3051 ἀνευ
723 2985 992 3072 παραγγέλματος
1010 2985 1153 3071 ἀπέδρα-

212 3217 277 3269 θεῖ’
290 3234 321 3282 γε
341 3214 363 3270 0
384 3215 438 3269 εἴτε
456 3212 560 3267 Reiske
577 3217 580 3278 Ι
597 3211 661 3285 ὑπ’]
681 3213 791 3285 όπὲρΑ
810 3211 893 3270 ἐπὈ
966 3209 1078 3268 Βίστιν
1098 3231 1152 3268 om.

139 3286 162 3339 B
236 3285 413 3359 4εί<γ>οῖιν
431 3285 478 3338 Bb
551 3291 643 3340 όνῦν
663 3284 698 3354 δὴ
717 3283 795 3339 ABG
823 3303 890 3340 corr.
914 3285 1036 3354 Sylburg
1059 3286 1153 3338 κατεί-

141 3361 230 3426 ληφεν
248 3359 320 3427 ὑμᾶς
341 3401 346 3412 .
366 3356 534 3429 φοβούμεθα
555 3353 586 3410 δὲ
606 3355 642 3425 μὴ
662 3373 684 3409 ο.
704 3355 848 3425 Kiessling
939 3363 972 3410 14
996 3355 1111 3424 μάντεις
1130 3355 1152 3409 0

141 3434 271 3496 μαντεῖαι
289 3428 410 3496 Sylburg
500 3433 532 3480 21
553 3426 601 3480 καλ
618 3427 699 3480 τονδλ
718 3426 766 3480 καλ
783 3426 806 3479 Β
