2508 3882
161 191 228 256 290
585 219 616 228 -
656 191 752 243 Θ-

94 367 98 375 ’
162 355 244 435 πρὸς
275 355 313 418 τὸ
346 351 541 417 ἀντίπαλον·
574 349 630 416 καὶ
660 347 761 417 οὐδὲν
792 354 839 416 έτι
870 361 929 434 τῆς
956 353 1046 428 ίδίας
1072 361 1184 437 ψυχῆς

162 461 407 543 προνοούμενοι
431 461 494 523 σὺν
517 459 642 542 ὀλίγοις
665 459 712 534 είς
736 455 858 542 μέσους
880 456 1080 542 ἐμπεσόντες
1102 461 1185 534 τοὺς

91 595 97 610 ·
163 565 303 650 μάλιστα
331 568 571 648 συνεστηκότας
593 575 660 630 τῷν
683 568 868 647 πολεμίων,
896 568 1029 649 σωροὺς
1053 564 1185 648 ἐξεπλη-

127 669 247 754 5ρουν
274 683 412 757 νεκρῶν.
457 672 539 735 κατὰ
562 667 623 754 μὲν
647 671 688 755 δὴ
711 679 809 736 τοῦτο
832 672 869 735 τὸ
893 667 994 756 μέρος
1016 673 1139 755 ἔκαμεν
1163 672 1184 753 ἡ

136 781 349 862 εΊθρρηνῶν
382 775 526 861 φάλαγξ,
558 773 613 841 καὶ
646 777 681 842 oc
708 759 872 862 πρότερον
905 777 1074 862 ὠσάμενοι
1106 781 1185 853 τοὺς

163 889 341 968 πολεμίους
367 884 432 949 ὑπὸ
455 894 523 948 τῷν
545 881 798 967 κεκρατημένων
821 882 1041 967 ἀνεκόπησαν.
1090 885 1125 949 οί
1145 880 1184 948 δέ

163 991 201 1054 τὸ
230 989 405 1073 εὐώνυμον
429 991 559 1074 ἔχοντες
581 987 678 1074 κέρας
700 989 882 1072 κάμνοντες
905 989 969 1073 ἥδη
993 990 1051 1054 καὶ
1073 999 1190 1081 φυγῆς

164 1095 336 1179 ἄρχοντες,
365 1097 462 1175 [ἔνθα
486 1095 504 1160 ό
528 1094 680 1170 Μάλλιος
702 1090 758 1177 ἦν]
788 1093 968 1181 ἐτρέψαντο
996 1099 1077 1172 τοὺς
1099 1092 1247 1160 καθίτεε

166 1198 311 1277 ἑαυτούς.
364 1206 476 1288 παλτῷ
514 1201 576 1283 γάρ
612 1224 661 1277 τις
698 1202 810 1284 βαλὼν
842 1202 902 1266 τὸν
935 1202 1095 1268 Μάλλιον
1128 1203 1184 1266 διὰ

126 1325 152 1366 ω
164 1317 226 1372 τοῦ
258 1309 396 1389 γόνατος
428 1307 503 1392 άγρι
534 1316 592 1388 τῆς
624 1308 741 1388 ίγνύας
770 1309 915 1392 διήρεισε
948 1309 1009 1392 τὴν
1043 1311 1184 1394 λόγχην·

165 1410 219 1477 καὶ
251 1414 311 1477 τὸν
342 1409 403 1498 μὲν
436 1414 471 1479 οί
500 1411 593 1499 πέριξ
626 1414 764 1498 άραντες
794 1410 847 1478 ἐπὶ
877 1414 937 1496 τὴν
967 1417 1185 1498 παρεμβολὴν

166 1519 379 1602 ἀπεκόμιζον,
417 1520 453 1584 οἱ
484 1514 521 1584 δὲ
552 1517 703 1602 πολέμιοι
734 1521 794 1584 τὸν
826 1519 973 1603 ἡγεμόνα
1005 1531 1073 1584 τῶν
1107 1519 1185 1586 Ῥω-

166 1629 273 1708 μαίων
295 1625 493 1708 τεθνηκέναι
517 1623 671 1702 δόξαντες
694 1623 972 1710 ἐπερρώσθησαν,
999 1625 1056 1691 καὶ
1077 1648 1185 1712 παρα-

167 1731 409 1815 βοηθησάντων
439 1730 551 1807 αώτοῖς
579 1739 647 1794 τών
674 1727 797 1816 ἑτέρων
824 1729 987 1796 ἐνέκειντο
1014 1741 1085 1807 τοῖς
1106 1729 1185 1796 Ῥω·

128 1817 277 1930 Ξμαίοις
299 1836 361 1900 οὐκ
384 1839 517 1920 ἔχουσιν
540 1836 694 1920 ἡγεμόνα.
736 1836 998 1919 ἠναγκάσθησαν
1022 1832 1058 1901 δὲ
1081 1838 1185 1902 πάλιν
1246 1863 1247 1919 η

168 1942 204 2006 οί
226 1941 348 2026 Φάβιοι
375 1945 609 2018 καταλιπόντες
637 1944 674 2007 τὸ
698 1942 874 2026 εὐώνυμον
896 1941 994 2026 κέρας
1016 1952 1062 2030 τῷ
1085 1943 1185 2031 δεξιῷ

168 2051 321 2132 βοηθεῖν·
358 2046 412 2114 καί
441 2050 475 2114 οί
504 2046 673 2133 Τυρρηνοὶ
699 2051 898 2133 προσιόντας
925 2050 1047 2126 αὐτοὺς
1074 2054 1187 2134 στίφει
1245 2126 1246 2141 ¹

168 2163 314 2242 καρτερῷ
339 2157 504 2237 μαθόντες
523 2163 584 2237 τῆς
606 2150 668 2237 μὲν
692 2151 745 2220 ἐπὶ
763 2153 866 2219 πλέον
885 2154 1029 2232 διώξεως
1047 2154 1188 2238 ἀποτρί-

121 2293 124 2298 ·
169 2283 299 2345 πονται,
317 2262 549 2337 πυκνώσαντες
568 2256 605 2325 δὲ
622 2263 701 2337 τοὺς
720 2264 839 2346 λόγους
858 2259 1018 2346 ἐμάχοντο
1032 2260 1071 2327 έν
1083 2261 1188 2346 τάξει,
1244 2299 1245 2363 η

129 2387 156 2426 ω
169 2366 224 2431 καὶ
246 2370 390 2444 πολλοὺς
412 2365 473 2451 μὲν
495 2378 563 2433 τών
586 2365 754 2451 σφετέρων
777 2366 955 2450 ἀπέβαλον,
978 2372 1126 2446 πολλοὺς
1150 2366 1189 2433 δε

169 2475 224 2538 καὶ
246 2485 313 2538 τῶν
331 2471 498 2557 Ῥωμαίων
521 2472 724 2538 ἀπέκτειναν.
1081 2469 1090 2490 ’
1243 2501 1244 2585 ρ

236 2579 310 2643 XII.
344 2577 399 2645 ’Ev
427 2573 453 2666 ᾧ
482 2576 519 2645 δὲ
545 2575 636 2644 ταῦτ’
664 2578 806 2662 ἐγίνετο,
834 2580 870 2644 oc
893 2582 953 2645 τὸν
976 2580 1104 2666 χάρακα
1128 2585 1189 2648 τὸυ

172 2683 388 2767 ἐκλειφθέντα
405 2687 470 2751 ὑπὸ
489 2696 550 2750 τοῦ
564 2688 720 2750 Μαλλίου
735 2687 997 2768 καταλαβόμενοι
1017 2687 1189 2772 Τυρρηνοὶ

173 2791 385 2872 συνθήματος
414 2787 576 2876 ἀρθέντος
602 2789 666 2855 άπὸ
693 2801 753 2856 τοῦ
780 2794 980 2876 στρατηγίου
1008 2793 1072 2856 σὺν
1095 2793 1190 2878 τάχει

133 2913 159 2953 ει
173 2898 284 2981 πολλῷ
307 2893 361 2958 καὶ
384 2898 557 2981 προθυμίᾳ
576 2896 699 2982 μεγάλη
718 2906 903 2982 χωροῦντες
922 2894 976 2962 ἐπὶ
994 2900 1053 2962 τὸν
1072 2897 1189 2982 ἕτερον

173 2999 348 3082 ἠπείγοντο
370 3011 438 3065 τῶν
451 2998 620 3084 Ῥωμαίων
643 3002 781 3089 χάρακα,
804 3003 848 3078 ώς
866 3001 928 3067 οὐκ
946 3001 1107 3091 ἀξιοχρέῳ
1129 3006 1220 3069 δυ-ιε

244 3153 446 3226 4ἔκαμνενΒ
519 3157 729 3228 ὅπρότεροιΒ
803 3157 955 3213 8*verba
975 3155 1048 3211 ἔνθα
1068 3158 1084 3212 ὁ
1104 3160 1188 3214 Μάλ-

173 3233 230 3290 λιος
248 3221 284 3297 ἦν
306 3229 517 3297 transponenda
540 3243 600 3284 esse
623 3232 689 3299 post
707 3227 792 3299 κε’ρας
809 3245 832 3283 ο.
852 3229 1008 3298 Kiessling,
1032 3245 1086 3298 ego
1105 3231 1188 3284 uncis

172 3299 274 3354 inclusi
350 3303 475 3373 9πολλῷ
495 3298 541 3352 Ba
558 3300 696 3373 παλτῷΙλ
768 3306 799 3353 11
825 3301 956 3368 αἴραντες
973 3300 1019 3352 Ba
1096 3307 1129 3355 16
1151 3301 1187 3370 δη

173 3388 195 3423 ο.
211 3370 341 3424 Gelenius
407 3377 440 3426 16
458 3369 580 3442 κέραςΑ
598 3370 721 3442 μέροςΒ
785 3377 819 3425 20
838 3369 889 3440 μὲν
909 3370 1011 3426 add.B
1074 3377 1110 3425 24
1129 3372 1187 3426 άπὸ

172 3440 195 3492 Β
219 3441 274 3494 όπδ
292 3441 318 3492 R
339 3447 341 3494 λ
363 3451 516 3512 στρατηγοῦ
536 3442 558 3496 0
578 3444 743 3514 στρατηγίου
763 3441 865 3496 Reiske
938 3447 972 3496 26
996 3438 1144 3510 ἐπείγοντο
1162 3443 1187 3496 A
