2538 3884
538 195 705 246 -ο-
927 153 930 160 ’
1060 199 1125 265 εοο

94 349 185 420 τοῦτ’
221 352 400 437 ἐξαγαγὼν
431 355 492 437 τήν
523 355 670 440 δύναμιν
698 359 888 442 παρήλασεν
918 357 972 424 έπί
1000 360 1126 446 θάτερα

96 459 163 538 [τά]
194 457 284 546 μέρη
313 469 373 543 τής
397 458 612 534 Οὐιεντανῶν
639 463 750 546 χώρας
773 464 813 528 τδ
834 467 917 546 πρὸς
937 466 999 548 τήν
1021 467 1125 549 ἀλλην

95 562 315 648 ἐστραμμένα
344 569 555 651 Τυρρηνίαν,
584 569 669 632 ἔνθα
692 562 734 650 ήν
757 579 826 644 τοῖς
849 570 1064 648 Οὐιεντανοῖς
1085 575 1125 638 τδ

94 673 309 753 βοσκήματα,
325 669 489 738 οὐδέποτε
503 674 647 754 στρατὸν
660 671 752 755 ήξειν
763 669 931 757 Ῥωμαίων
945 673 1014 741 ἐκεῖ
1024 695 1126 758 προσ-

95 774 306 861 δεχομένοις.
361 779 625 863 περιβαλόμενος
655 773 693 842 δδ
720 780 848 862 πολλὴν
878 783 970 846 λείαν
999 781 1125 865 ἀπῆγεν
1152 805 1164 845 ι

47 890 50 896 ’
96 880 149 946 ἐπὶ
171 885 213 948 τὸ
240 885 440 948 νεόκτιστον
463 883 643 968 φρούριον,
666 887 792 970 χαίρων
814 883 868 950 ἐπὶ
890 895 928 970 τῇ
947 888 1032 974 ἄγρᾳ
1050 886 1119 954 κατ’

38 987 292 1073 ιιεεάμφότερα,
316 997 376 1072 τῆς
399 983 428 1052 τ’
449 988 492 1054 οὐ
507 989 573 1054 διδ
596 999 726 1074 μακροῦ
748 1001 815 1056 τῶν
836 997 1004 1076 πολεμίων
1026 1018 1125 1078 τιμω-

96 1099 168 1178 ρίας
193 1093 310 1177 ἕνεκα,
333 1092 389 1160 καί
414 1079 465 1160 ὅτι
489 1106 559 1171 τοίς
582 1106 745 1180 φρουροῖς
766 1106 827 1162 τοῦ
849 1103 974 1183 χωρίον
995 1102 1124 1184 πολλὴν

96 1203 213 1285 ἔμελλε
238 1199 401 1286 παρέξειν
424 1201 596 1285 εὐπορίαν.
634 1197 734 1268 οὐδὲν
757 1203 821 1287 γὰρ
844 1201 914 1268 οὔτ’
936 1207 984 1282 εἰς
1004 1208 1042 1284 τὸ
1066 1208 1124 1290 δή-

96 1311 219 1390 μόσιον
245 1306 446 1390 ἀνήνεγκεν,
469 1307 547 1372 οὐτε
570 1318 640 1383 τοῖς
662 1307 932 1392 στρατευομένοις
951 1311 1122 1394 [ἰδιώταις]
1138 1333 1164 1372 ιο

24 1437 29 1449 ·
98 1412 295 1498 ἀπένειμεν,
325 1411 411 1478 ἀλλδ
438 1410 495 1478 καί
518 1414 668 1497 πρόβατα
690 1415 745 1478 καί
768 1413 927 1497 ὑποζύγια
949 1413 1005 1480 καί
1027 1419 1122 1502 ζεύγη

97 1522 212 1604 βοεικά
240 1516 300 1586 καί
324 1519 467 1604 σίδηρον
491 1516 547 1584 καί
570 1512 688 1601 τᾶλλα,
716 1518 777 1584 ὅσα
800 1521 847 1595 εἰς
868 1524 1031 1606 γεωργίαν
1055 1521 1123 1588 ἐπι-

97 1629 212 1710 τήδεια
231 1621 289 1710 ήν,
309 1636 380 1702 τοίς
398 1627 592 1708 περιπόλοις
610 1634 666 1708 τής
684 1625 791 1710 χώρας
809 1624 989 1713 ἐχαρίσατο.
1020 1638 1121 1695 ταῦτα
1136 1634 1155 1697 6

99 1729 371 1817 διαπραξάμενος
398 1730 526 1816 ἀπήγεν
554 1727 606 1796 ἐπ’
635 1736 729 1796 οἰκον
757 1733 817 1816 τήν
844 1721 1010 1817 στρατιάν.
1053 1747 1122 1813 τοις

99 1835 134 1902 δὲ
149 1839 376 1913 Οὐιεντανοῖς
394 1838 477 1921 μετὰ
496 1838 555 1902 τδν
569 1835 791 1921 ἐπιτειχισμὸν
805 1849 865 1906 τοῦ
879 1844 1002 1925 χωρίου
1016 1853 1122 1919 κακῶς
1136 1862 1161 1902 15

98 1945 184 2010 πάνυ
209 1945 251 2009 τδι
276 1937 443 2028 πράγματ’
465 1938 565 2027 εἶχεν,
589 1943 665 2008 οὔτε
688 1945 749 2027 τήν
772 1954 834 2028 γῆν
858 1948 905 2012 ἔτι
924 1946 1121 2032 δυναμένοις

100 2049 257 2136 ἀσφαλῶς
278 2062 442 2137 γεωργεῖν
461 2048 538 2116 οὐτε
557 2049 615 2126 τὰς
633 2047 758 2127 ἔξωθεν
772 2051 985 2136 εἰσαγομένας
998 2052 1121 2138 ἀγορὰς

100 2154 268 2241 δέχεσθαι.
316 2160 490 2240 νείμαντες
517 2157 581 2240 γάρ
609 2157 656 2232 εἰς
678 2155 812 2241 τέτταρα
835 2156 916 2242 μέρη
939 2159 1001 2242 τήν
1022 2163 1152 2243 στρα-’ἰ
1206 2192 1208 2198 ¹

100 2264 171 2326 τιάν
201 2263 238 2327 οἰ
264 2261 407 2348 Φάβιοι,
436 2269 483 2348 τῷ
510 2257 572 2344 μὲν
600 2258 651 2327 ἑνί
678 2262 894 2346 διεφύλαττον
921 2265 958 2328 τὸ
986 2268 1120 2349 χωρίον,

100 2380 166 2446 τοῖς
190 2365 229 2434 δὲ
253 2364 346 2452 τρισί
369 2367 431 2450 τήν
455 2365 568 2450 χώραν
591 2376 657 2432 τῶν
675 2370 841 2450 πολεμίων
860 2366 995 2449 ἄγοντές
1011 2391 1045 2432 τε
1064 2369 1119 2436 καί
1134 2393 1159 2432 εο

102 2473 261 2559 φέροντες
285 2469 339 2538 ἀεὶ
364 2469 550 2538 διετέλουν·
575 2456 629 2536 καί
648 2472 804 2550 πολλάκις
821 2483 887 2538 τῶν
908 2473 1119 2542 Οὐιεντανῶν
1193 2533 1196 2540 .

103 2579 135 2644 ἐκ
157 2589 219 2645 τοῦ
244 2587 398 2664 φανεροῦ
422 2574 451 2643 τ’
474 2579 588 2654 αὐτοῖς
611 2576 818 2662 έπιδεμένιον
840 2577 924 2666 χειρὶ
943 2581 1004 2646 οὐκ
1023 2581 1118 2671 ὀλίγῃ

102 2685 152 2752 καί
174 2689 224 2762 εἰς
248 2688 355 2771 χωρία
379 2683 531 2770 ἐνέδραις
553 2687 753 2770 κατεχόμενα
775 2685 1006 2773 ὑπαγομένων,
1027 2711 1119 2775 περια

102 2800 182 2874 ήσαν
202 2791 402 2878 ἀμφοτέρως
419 2789 475 2856 καί
494 2794 639 2868 πολλοὺς
655 2796 793 2878 νεκροὺς
806 2798 1001 2880 ποιήσαντες
1014 2798 1119 2886 ἀσφα-
1245 2791 1249 2800 ’

48 2903 163 2975 ιιεελῶς
191 2895 346 2984 ἀπῄεσαν
369 2900 418 2974 εἰς
439 2899 477 2962 τὸ
500 2899 632 2982 χωρίον.
679 2896 755 2964 ὥστ’
780 2899 852 2966 οὐδ’
876 2903 976 2998 ὁμόσε
999 2922 1119 2996 χωρεῖν
1133 2930 1159 2970 ετ

171 3090 248 3144 2τδι
273 3090 328 3145 del.
349 3089 455 3143 Reiske
544 3089 758 3161 3τετραμμένα
782 3111 805 3149 ο.
825 3095 914 3152 Cobet
936 3099 1001 3156 0bs,
1019 3120 1047 3172 p.
1068 3110 1118 3160 Πὸ
1156 3108 1158 3113 ’
1257 3087 1258 3106 ³

104 3167 133 3214 10
160 3161 326 3230 ἀπήνεγκεν
351 3161 374 3214 Ο
403 3159 560 3230 ἀνήνεγκεν
585 3179 608 3218 ο.
632 3161 728 3232 'Pegge
752 3164 865 3230 Quaest.
890 3170 925 3224 δε
947 3189 1042 3244 praep.
1067 3193 1119 3234 usu

101 3248 125 3300 p.
144 3239 161 3288 8
184 3233 189 3304 ή
215 3248 268 3302 pro
287 3239 347 3294 τοῖς
366 3230 596 3302 στρατευομένοις
615 3232 739 3299 ἰδιώταις
757 3254 780 3292 ο.
800 3237 943 3312 Kiessling
961 3251 1019 3308 τοῖς
1037 3265 1120 3321 στρα-
1188 3247 1193 3260 ’
1241 3271 1242 3274 ’

101 3304 221 3372 τιόταις,
252 3301 379 3366 ἰδιώταις
407 3303 463 3358 dol.
487 3303 595 3373 Kayser
621 3306 693 3361 Ann.
716 3307 786 3377 phil.
814 3317 881 3368 1868
908 3331 935 3384 p.
960 3322 1011 3373 817
1087 3331 1118 3380 12

11 3405 12 3412 ι
102 3374 197 3444 βοεικὰ
216 3373 297 3430 ABG
322 3374 407 3448 βοικά
425 3374 570 3446 Kiessling
644 3386 675 3434 16
699 3378 850 3452 πράγματα
867 3384 915 3440 Bb
990 3395 1023 3447 18
1041 3392 1121 3468 δέχς.

11 3445 12 3498 ζ
72 3449 168 3500 ’σθαι
187 3445 255 3500 add.
275 3445 405 3516 BbUOmg
423 3447 523 3502 om.R
