2484 3876
528 177 690 226 -Ζ-
1048 171 1112 238 103

97 335 366 422 ἀναγκασθέντες
393 337 553 422 ὑποσχεῖν
579 343 640 402 τοῦ
668 337 744 420 βίον
772 331 827 402 καὶ
853 345 921 402 τῶν
945 333 1116 421 ἐπιτηδευ-

97 444 213 528 μάτων
237 445 333 521 δίκας
354 443 412 520 τὰς
433 442 665 530 προσηκούσας
687 440 819 508 ἔδοσαν.
855 440 953 508 ὁπότε
974 437 1035 526 μὲν
1054 435 1153 509 om

97 549 166 616 ἀπὸ
187 559 248 616 τοῦ
271 551 452 634 κρατίστου
475 546 626 632 γένοιντο
645 547 683 612 αί
698 547 904 632 διαγνώσεις,
926 545 982 614 καί
999 554 1119 614 καθαι-

96 659 215 740 ρεθείη
242 655 284 720 τὰ
310 665 378 721 τῶν
406 654 559 739 μεγάλων
581 653 751 739 αὐχήματα
774 655 839 720 σὺν
862 655 954 741 δίκη,
981 651 1064 740 μέγα
1086 677 1119 720 τι

95 759 155 826 καί
175 761 378 845 θαυμαστὸν
402 757 554 844 ἐφαίνετο
577 753 665 825 εἶναι
687 767 796 846 χρήμα
818 761 874 826 καί
895 759 961 826 ὑπὸ
984 759 1118 826 πόντων
1146 783 1159 824 ε

35 866 268 954 ιεσοέπηνεῖτο,
291 867 389 933 ὁπότε
413 861 444 931 δ’
466 864 565 952 ἀρετή
588 871 802 952 φθονηθεῖσα
825 863 948 954 ἀνδρὸς
964 865 1005 931 τὰ
1023 866 1120 932 κοινὰ

94 969 135 1039 εὖ
154 976 368 1049 διοικοῦντος
387 970 509 1049 ἀδίκως
527 970 733 1060 ἀναιρεθείη,
752 973 865 1039 δεινόν
881 995 912 1037 τι
925 982 994 1049 τοῖς
1007 971 1121 1048 ἀλλοις

92 1082 330 1164 κατεφαίνετο,
352 1074 408 1144 καί
430 1077 467 1144 οί
485 1087 546 1145 τοῦ
568 1080 671 1156 ἐθους
693 1077 849 1162 ἄρξαντες
865 1085 1119 1164 κατηγοροῦντο.

90 1185 263 1262 πολλάκις
291 1205 326 1249 τε
356 1183 619 1269 βουλευσόμενοι
648 1185 685 1251 οί
705 1182 876 1270 Ῥωμαῖοι,
906 1187 1029 1269 πότερα
1057 1185 1121 1272 χρή

92 1295 286 1358 καταλῦσαι
309 1289 390 1356 αὐτὸ
410 1288 430 1374 ή
448 1290 638 1375 φυλάττειν,
660 1281 735 1357 οίον
751 1290 841 1378 καρὰ
858 1301 925 1357 τῶν
942 1293 1121 1378 προγόνων
1136 1317 1161 1356 ιο
1212 1277 1222 1300 ”

93 1379 313 1484 παρέλαβον,
346 1390 451 1461 οὐθέν
478 1394 646 1482 ἐπέθηκαν
672 1405 712 1483 τῇ
740 1399 846 1483 βουλή
872 1395 983 1485 πέρας.
1028 1399 1059 1462 εί
1085 1393 1158 1461 δέ4

95 1505 152 1569 δεῖ
176 1504 239 1569 καί
263 1501 367 1568 αὐτὸν
390 1500 629 1587 ἀποφήνασθαι
650 1500 726 1590 περὶ
747 1504 952 1588 τηλικούτων
973 1502 1123 1588 πραγμά-

95 1633 167 1674 των
195 1608 350 1692 γνώμην,
373 1603 446 1692 ἐμοὶ
469 1609 621 1675 δοκεῖτὸ
644 1605 706 1694 μὲν
728 1611 809 1687 ἐθος
830 1609 911 1675 αὐτὸ
930 1604 1007 1674 καθ’
1026 1604 1123 1674 ἐαντὸ

93 1713 340 1797 ἐξεταζόμενον
370 1713 534 1798 χρήσιμον
565 1709 651 1781 είναι
682 1711 737 1780 καί
766 1718 861 1780 πόλει
890 1724 929 1801 τῇ
954 1711 1123 1800 Ῥωμαίων

93 1819 386 1903 ἀναγκαιότατον,
411 1829 561 1905 κρεῖττον
587 1816 624 1886 δέ
646 1817 701 1886 καί
723 1831 836 1907 χεῖρον
859 1823 1013 1904 γίνεσθαι
1034 1821 1124 1903 παρὰ
1139 1844 1165 1886 ιι

91 1929 180 2004 τοὺς
214 1935 284 1990 τῶν
311 1924 489 2012 δημάρχων
516 1929 668 2010 τρόπους.
714 1927 794 1993 ὅταν
822 1923 883 2012 μὲν
911 1928 974 2011 γὰρ
1001 1928 1125 2012 τόχωσι

91 2041 157 2116 τῆς
189 2028 343 2108 ἐξουσίας
366 2031 486 2115 ταύτης
507 2032 629 2116 ἀνδρες
652 2033 775 2100 δίκαιοι
797 2031 852 2099 καλ
875 2035 1047 2119 σώφρονες
1069 2028 1125 2097 καὶ

91 2138 139 2204 τὰ
175 2136 278 2202 κοινὰ
306 2135 545 2222 ἀναγκαιότερα
574 2151 643 2205 τῶν
673 2140 770 2205 ίδίων
798 2137 984 2223 τιθέμενοι,
1016 2138 1034 2204 ὁ
1064 2132 1125 2221 μὲν

94 2243 235 2309 ἀδικῶν
264 2241 304 2306 τὰ
332 2243 430 2307 κοινὰ
459 2248 621 2332 τιμωρίαν
651 2247 747 2329 δούς,
778 2245 821 2330 ἣν
847 2251 1008 2328 προσῆκε,
1038 2245 1125 2307 πολὺ

97 2349 184 2425 δέος
215 2356 284 2424 τοῖς
313 2347 413 2432 ὅμοια
440 2349 762 2438 παρεσκευασμένοις
790 2352 874 2434 δρᾶν
902 2347 1126 2432 ἐνειργάσατο,
1139 2376 1167 2416 ιο

98 2456 121 2522 ὁ
154 2450 190 2519 δ’
221 2451 348 2536 ἀγαθὸς
376 2452 433 2520 καὶ
461 2454 526 2522 ἀπὸ
555 2467 616 2524 τοῦ
645 2460 820 2544 κρατίστου
850 2457 933 2541 πρὸς
961 2454 1001 2520 τὰ
1029 2454 1127 2519 κοινά

98 2559 242 2645 παριὼν
270 2559 346 2624 οὔτε
375 2559 473 2646 δίκην
500 2561 671 2649 ἀσχήμονα
693 2561 835 2647 ὑπέσχεν
858 2558 927 2628 οὔτ’
952 2563 1000 2638 είς
1021 2561 1128 2638 αἰτίας

101 2667 308 2749 ἀλλοτρίους
329 2676 397 2732 τῶν
420 2666 689 2755 ἐπιτηδευμάτων
711 2667 859 2752 κατέστη.
904 2667 985 2733 ὅταν
1008 2661 1045 2732 δέ
1066 2669 1162 2734 ιτα-5

34 2767 209 2858 ιςςρνηροὶ
236 2765 291 2834 καί
318 2769 495 2840 ἀκόλαστοι
522 2774 578 2841 καλ
604 2776 813 2862 φιλοκερδεῖς
839 2775 1014 2859 ἅνθρωποι
1038 2778 1128 2858 τηλι-

103 2880 233 2961 καύτης
251 2874 402 2955 ἐξουσίας
414 2880 550 2966 τύχωσι,
567 2881 725 2948 τάναντία
738 2880 866 2947 τούτων
879 2883 1015 2964 γίνεται.
1047 2875 1122 2944 ὥστ’
1141 2906 1168 2948 ιε

38 2971 43 2982 ’
105 2990 147 3065 οὐ
172 2987 212 3051 τὸ
238 2985 317 3058 ἔθος
339 2981 614 3074 ἐπανορθοῦσθαι
635 2996 801 3074 προσῆκεν
819 2987 863 3064 ὡς
885 2982 1128 3072 ἡμαρτημένον,

105 3101 196 3167 ἀλλὰ
219 3113 369 3185 σκοπεῖν,
394 3092 483 3172 ὅπως
504 3095 625 3181 ἀνδρες
647 3091 743 3161 καλοὶ
763 3090 820 3159 καί
842 3089 965 3177 ἀγαθοί
987 3100 1048 3157 τοῦ
1072 3089 1128 3172 δή·

176 3300 200 3348 .9
221 3291 251 3348 ot
268 3310 323 3348 om.
342 3291 365 3346 0
384 3291 497 3360 praeter
516 3287 538 3341 B
599 3293 631 3341 12
650 3285 737 3340 αὐτὸν
755 3279 803 3355 ἐμὲ
823 3283 973 3352 Opraeter
985 3276 1035 3332 Bc
1054 3276 1082 3333 εί
1098 3277 1126 3334 δ’

106 3362 158 3436 ἐμὲ
185 3366 233 3420 δεῖ
253 3364 302 3419 καὶ
325 3362 412 3418 αὐτόν
436 3359 524 3416 Cobet
546 3356 613 3412 Oba.
634 3376 660 3427 p.
682 3363 733 3410 150
805 3361 839 3409 20
863 3347 1129 3423 ἐν<ει>ργάσατοΒ

106 3445 143 3492 22
165 3435 275 3506 προιὼν
294 3433 316 3490 0
335 3432 446 3503 παριὼν
463 3427 608 3498 Kiessling
677 3432 710 3479 23
730 3425 875 3492 ἀλλοτρίας
892 3421 916 3472 Β
