2508 3882
511 213 679 262 -H-
1035 206 1100 271 207

94 362 247 444 διολέσας.
294 367 402 435 ἐδόκει
425 365 488 436 οὖν
506 370 620 447 αύιοῑς
638 369 694 436 καὶ
716 380 813 437 τοῦτο
836 368 890 436 καὶ
915 375 948 435 εί
965 393 996 435 τι
1020 370 1101 435 ἀλλο

94 472 278 558 δεινότερον
313 481 364 561 είη
398 477 603 562 κινδύνευμα
638 479 702 542 σὺν
735 476 834 562 ἀρετῇ
867 479 1009 556 σώζουσι
1040 477 1101 560 την

92 582 198 645 πίστιν
220 579 408 666 ὑπομένειν.
455 581 525 649 ίπελ
553 579 591 649 δὲ
617 581 692 669 περὶ
716 584 815 650 δύσιν
838 583 936 667 ἡλίου
958 577 1000 665 ἦν
1023 579 1137 666 ἢδη,5

92 683 313 771 ἀσπασάμενοι
335 685 501 772 ἀλλήλους
524 684 662 776 ἐξῄεσαν
686 688 722 755 ἐκ
744 697 802 772 τῆς
825 697 960 773 σκηνῆς·
989 686 1096 754 ἔπειθ’

92 792 126 856 αί
143 787 205 876 μὲν
227 803 381 876 γυναῖκες
402 795 450 872 είς
473 797 534 880 τὴν
551 798 651 862 πόλιν
670 792 829 882 ἀπῄεσαν,
851 794 869 861 δ
892 791 930 860 δὲ
948 794 1101 880 Μάρκιος
1126 812 1140 854 ε

92 897 125 964 ἐν
151 897 307 986 ἐκκλησίᾳ
333 901 391 978 τάς
413 903 520 979 αἰτίας
542 902 689 980 ἀποδοὺς
710 914 780 980 τοῖς
802 911 962 988 παροῦσι,
992 898 1035 965 δι’
1063 900 1101 977 ἃς

92 1006 200 1088 ἔμελλε
228 1005 322 1071 λύειν
350 1009 409 1074 τὸν
435 1011 598 1093 πόλεμον,
630 1007 686 1074 καὶ
712 1010 819 1075 πολλὰ
848 1018 916 1074 τῶν
944 1024 1100 1092 στρατιω-

91 1121 152 1177 τῶν
179 1110 314 1196 δεηθεὶς
337 1119 532 1198 συγγνῶναί
555 1109 583 1180 τ’
610 1113 699 1204 αύτηθ
727 1118 799 1200 καί,
829 1113 964 1181 ἐπειδὰν
987 1114 1100 1180 οἴκαδε

91 1215 289 1303 ἀφίκωνται,
323 1220 552 1306 μεμνημένους
589 1216 637 1288 ὧν
670 1224 798 1289 ἔπαθον
830 1217 868 1288 εὖ
900 1231 960 1288 τοῦ
992 1216 1100 1306 μηθὲν

90 1322 149 1388 ὑπὸ
176 1334 244 1389 τῶν
274 1325 385 1390 ἀλλων
413 1325 595 1411 ἀνήκεστον
621 1333 745 1394 παθεῖν
773 1329 1020 1411 συναγωνιστάς
1048 1350 1100 1410 γε·
1116 1345 1141 1384 1⁰

90 1427 218 1513 νίσθαι,
240 1428 296 1496 καὶ
314 1432 399 1498 ἀλλα
417 1435 523 1500 πολλὰ
541 1432 596 1500 καὶ
615 1433 770 1518 ἐπαγωγὰ
789 1432 977 1519 διαλεχθεὶς
995 1455 1100 1519 παρα-

4 1575 5 1620 η
89 1537 305 1614 σκευάζεσθαι
331 1537 544 1606 ἐκίλευσεν“
527 1565 571 1617 ως
593 1548 633 1626 τη
657 1539 796 1626 ἐπιούσῃ
820 1538 915 1604 νυκτὶ
938 1538 1101 1624 ἀναστρα

3 1657 5 1762 1
89 1643 355 1722 τοπεδεύσοντας.

150 1748 218 1816 LV.
256 1748 411 1837 Ῥωμαῖοι
439 1749 469 1818 δ’
498 1753 543 1830 ὡς
565 1752 751 1838 ἔμαθον,’
733 1776 784 1818 οτι
807 1749 940 1818 λέλυται
963 1762 1058 1836 σφῶν
1082 1750 1100 1817 δ

29 1935 30 1942 ¹
87 1857 256 1934 κίνδυνος·
287 1859 416 1942 ἔφθασε
444 1860 507 1944 γάρ
535 1870 601 1925 τῶν
629 1868 799 1943 γυναικῶν
824 1861 887 1942 την
912 1860 1060 1944 παρονσί
1057 1876 1140 1923 ανιῡ

36 1967 301 2048 ιεεσπρολαβοῦσα
329 1965 349 2048 ἡ
379 1967 488 2049 φήμη·
524 1968 588 2030 σὺν
616 1971 723 2051 πολλῇ
753 1975 838 2054 χαρᾷ
865 1969 1101 2042 καταλιπόντες

87 2069 145 2152 τὴν
163 2071 265 2135 πόλιν
284 2072 384 2136 ἔθεον
402 2070 464 2150 ἔξω
482 2070 538 2136 καὶ
560 2071 718 2156 ὑπήντων
736 2083 807 2149 ταῖς
824 2070 978 2154 γυναιξὶν
996 2070 1100 2136 ἀσπα-

88 2177 190 2259 σμούς
213 2173 267 2240 καλ
291 2186 433 2255 παιᾶνας
455 2175 510 2243 καλ
532 2175 635 2243 πάνθ’
662 2177 724 2243 ὅσα
752 2176 788 2242 ἐκ
810 2175 962 2260 μεγάλων
985 2177 1100 2240 κινδύ-

88 2305 154 2346 νου
191 2284 239 2358 είς
275 2281 439 2368 ἀδόκητον
475 2285 630 2370 εὐτυχίαν
670 2285 844 2368 ἄνθρωποι
882 2282 1100 2358 καταστάντες

88 2387 270 2473 πράττουσί
289 2413 324 2455 τε
347 2387 402 2454 καὶ
426 2388 582 2474 λέγουσιν
604 2391 670 2456 ὑπὸ
693 2398 806 2476 χαρᾶς,
828 2388 868 2453 τά
887 2383 947 2472 μὲν
967 2386 1100 2472 ἀθρόοι,
1114 2406 1140 2445 20

89 2494 184 2560 τάδε
209 2493 288 2560 καθ’
315 2493 374 2561 ἕνα
392 2495 532 2563 ἕκαστον
556 2494 842 2579 ἀποδεικνύμενοι.
888 2493 1019 2578 ἐκείνην
1038 2489 1135 2577 μὲν2

90 2594 148 2666 οὖν
170 2603 234 2686 την
257 2603 360 2668 νύκτα
383 2600 421 2667 ἐν
442 2605 594 2679 θαλείαις
616 2625 650 2668 τε
673 2600 728 2667 καὶ
746 2602 939 2679 εὐπαθείαις
962 2597 1101 2664 διετέλε-

91 2723 164 2790 σαν,
192 2714 232 2792 τῇ
261 2704 291 2771 δ
319 2704 392 2792 ἑξῆς
418 2705 524 2796 ἡμέρα
552 2714 757 2792 συναχθεῖσα
784 2707 849 2772 ὑπὸ
877 2717 944 2772 τῶν
965 2706 1101 2772 ὑπάτων

90 2811 236 2898 ἡβουλη
263 2811 339 2900 περὶ
366 2809 427 2898 μὲν
454 2823 514 2879 τοῦ
536 2816 695 2900 Μαρκίου
723 2815 860 2898 γνώμην
887 2811 1100 2892 ἀπεδείξαντο
1167 2843 1169 2846 ·

90 2919 134 2995 είς
156 2917 289 3006 ἑτέρους
312 2919 559 3004 ἀναβάλλεσθαι
582 2921 718 3004 καιρούς
741 2917 1023 3005 ἐπιτηδειοτέρους
1044 2920 1101 2996 τὰς
1115 2935 1141 2975 2⁵

90 3025 319 3110 δοθησομένας
342 3025 429 3112 αὐτῷ
452 3026 559 3110 τιμάς·
583 3036 654 3102 ταῖς
677 3021 714 3089 δὲ
737 3022 890 3108 γυναιξὶν
913 3026 1049 3090 ἔπαινόν
1068 3020 1096 3088 τ’

90 3129 317 3198 ἀποδεδύσθαι
347 3139 404 3214 τῆς
435 3135 626 3217 προθυμίας
657 3135 780 3218 παλαιᾷ
814 3131 958 3217 δημοσίᾳ
989 3138 1099 3215 γραφῇ

158 3321 236 3378 Ιέτι
254 3323 580 3394 δεινότεροικοΒεὶελτε
653 3318 869 3392 3ηνοιυ.ΑΒ
949 3314 1099 3374 θεύαδδ.

87 3392 110 3445 Β
192 3401 224 3449 25
244 3397 301 3450 ἀνα
283 3397 339 3469 ααβ
321 3345 442 3450 αλέσθαι
459 3394 512 3448 ΑΒ
594 3401 627 3449 27
648 3395 845 3450 ἀποδεδόσθαι
865 3391 1101 3446 Οάποδίαιδοσθ

90 3463 189 3519 Garrer
208 3466 273 3522 Obs
292 3485 320 3536 p.
336 3474 371 3521 44
391 3466 424 3519 cf
440 3465 595 3534 v11156,4
623 3466 666 3534 Ι*
680 3465 768 3520 πάλαι
787 3463 956 3521 Οπάλι.νο
976 3461 1039 3518 S1n
1027 3465 1101 3519 ems
