2538 3884
92 220 158 286 396
516 221 682 274 -Θ-

97 379 251 468 Τεβέριος
273 379 496 468 τετειχισμένα
519 391 681 467 ποταμοῦ,
706 378 747 448 οὑ
769 384 807 447 τὸ
830 379 892 468 μὲν
915 377 1015 470 εὖρός
1038 384 1114 451 ἐστι

92 488 258 573 τεττάρων
284 485 442 574 πλέθρων
470 488 625 578 μάλιστα,
652 487 759 571 βάθος
786 485 818 551 δ’
844 479 918 554 οίόν
946 513 980 555 τε
1008 490 1114 556 ναυσὶ

92 599 249 661 πλείσθαι
278 593 450 678 μεγάλαις,
479 596 516 660 τὸ
547 590 585 658 δὲ
613 592 718 679 ῥεῦμα
746 593 856 680 ὥσπερ
883 619 915 660 τι
942 593 997 662 καὶ
1026 598 1114 664 άλλο

92 699 151 780 όξὺ
183 698 238 766 καλ
270 701 364 776 δίνας
396 700 615 786 ἐργαζόμενον
647 698 803 785 μεγάλας·
836 700 877 766 ὃν
909 701 972 767 οὑκ
1000 705 1112 769 ἔνεστι

65 810 201 886 επεζοίς
224 807 372 871 διελθεῖν
395 808 427 870 εί
447 806 491 890 μη
515 805 596 870 κατά
619 803 779 890 γέφυραν,
801 805 822 889 ἣ
845 800 888 890 ἦν
913 805 951 872 έν
968 817 1015 896 τῷ
1034 812 1190 882 τότειοεσ

91 917 203 1003 χρόνῳ
230 915 288 998 μία
315 911 555 998 ξυλόφρακτος,
584 911 627 994 ἣν
655 913 755 978 ἔλυον
782 910 819 976 έν
846 923 916 990 τοῖς
942 912 1112 1000 πολέμοις.

58 1019 130 1094 δέν
154 1016 191 1085 δὲ
214 1022 354 1105 χωρίον,
378 1018 396 1084 ὃ
420 1027 477 1102 τῆς
498 1021 625 1095 πόλεως
648 1016 894 1104 ἐπιμαχώτατόν
918 1017 1020 1106 ἐστιν,
1042 1021 1111 1090 άπὸ

94 1136 162 1190 τῶν
184 1127 398 1191 Αἰσκυλίνων
424 1122 640 1209 καλουμένων
667 1131 782 1191 πυλῶν
810 1122 906 1212 μέχρι
928 1137 995 1193 τῶν
1019 1132 1111 1194 Κολ-

91 1233 212 1313 λίνων,
242 1233 477 1318 χειροποιήτως
509 1229 599 1296 έστλν
632 1232 765 1318 ὀχυρόν.
817 1231 944 1318 τάφρος
975 1256 1010 1298 τε
1042 1236 1109 1320 γὰρ

52 1364 78 1404 ιο
92 1336 277 1424 ὀρώρυκται
299 1340 365 1426 πρὸ
388 1337 492 1404 αὑτοῦ
509 1337 631 1414 πλάτος
649 1331 670 1424 ᾗ
689 1338 876 1424 βραχυτάτη
895 1341 1015 1422 μείζων
1034 1337 1110 1404 ἕκα-

91 1446 151 1510 τὸν
182 1446 313 1529 ποδῶν,
349 1441 404 1510 καί
435 1443 543 1528 βάθος
574 1440 665 1508 ἐστὶν
697 1443 799 1528 αὐτῆς
829 1445 1110 1531 τριακοντάπουν·

91 1562 199 1635 τεῖχος
226 1547 257 1615 δ’
286 1547 528 1636 ὑπερανέστηκε
554 1556 612 1631 τῆς
638 1548 767 1635 τάφρου
795 1551 922 1636 χώματι
948 1555 1111 1638 προσεχό-

92 1681 195 1743 μενον
227 1658 369 1722 ένδοθεν
400 1655 517 1743 ὑψηλῷ
544 1652 599 1719 καί
626 1659 756 1739 πλατεί,
790 1647 864 1722 οἷον
891 1660 972 1742 μήτε
999 1670 1111 1744 κριοῖς

91 1769 350 1846 κατασεισθῆναι
368 1765 448 1846 μήτε
467 1759 745 1847 ὑπορυττομένων
764 1772 831 1827 τῶν
845 1767 1013 1848 θεμελίων
1027 1764 1110 1831 ἀνα-

51 1857 264 1969 ζξτραπῆναι.
313 1877 411 1932 τοῦτο
441 1869 479 1933 τὸ
508 1871 634 1952 χωρίον
667 1865 746 1932 ἑπτά
777 1865 838 1952 μέν
871 1867 940 1936 έστι
971 1871 1104 1954 μάλιστ’

91 1972 145 2040 ἐπὶ
168 1981 270 2059 μῆκος
293 1974 451 2056 σταδίων,
472 1975 677 2057 πεντήκοντα
701 1970 737 2038 δὲ
760 1976 876 2041 ποδῶν
897 1974 951 2042 ἐπὶ
969 1977 1108 2056 πλάτος·

91 2080 128 2147 έν
147 2073 173 2169 ᾧ
192 2084 266 2147 τότε
284 2081 320 2148 οί
330 2077 483 2165 Ῥωμαίοι
502 2078 694 2165 τεταγμένοι
711 2081 793 2146 κατὰ
807 2086 937 2166 πλῆθος
951 2081 1110 2170 ἀνεῖρξαν

91 2198 158 2253 τῶν
187 2191 355 2274 πολεμίων
384 2187 445 2270 τὴν
478 2187 602 2271 ἔφοδον
634 2187 711 2252 οὔτε
743 2189 890 2272 χελώνας
921 2191 1109 2276 χωστρίδας

90 2296 231 2361 εἰδότων
257 2293 510 2372 κατασκευάζειν
532 2303 598 2358 τῶν
621 2290 688 2359 τότ’
715 2291 922 2379 ἀνθρώπων,
950 2297 1027 2362 οὔτε
1049 2299 1109 2375 τὰς

51 2427 77 2467 εο
90 2397 296 2484 καλουμένας
325 2397 491 2477 ἑλεπόλεις
518 2399 675 2484 μηχανάς.
725 2400 761 2465 ολ
787 2396 848 2484 μὲν
879 2402 921 2486 δὴ
951 2401 1183 2487 πολέμιοι1936

6 2535 22 2564 2
90 2508 291 2592 ἀπογνόντες
318 2515 376 2592 τῆς
402 2509 528 2583 πόλεως
550 2505 611 2588 τὴν
634 2506 760 2572 άλωσιν
783 2503 932 2601 ἀπῄεσαν
955 2507 1021 2575 άπὸ
1044 2520 1107 2578 τοῦ

89 2617 233 2699 τείχους,
261 2609 315 2678 καί
344 2613 532 2698 δηάισαντες
558 2612 618 2695 τὴν
646 2611 774 2697 χώραν,
803 2612 886 2695 ὅσην
914 2612 1106 2702 διεξῆλθον,

89 2719 219 2805 άπίηγον
242 2716 293 2784 ἐπ’
316 2724 409 2785 οίκου
432 2719 491 2795 τάς
513 2717 680 2802 δυνάμεις.

156 2823 321 2890 LXVIIII.
347 2823 500 2909 Ῥωμαῖοι
524 2820 562 2889 δὲ
584 2826 662 2901 τοὺς
684 2822 913 2910 καλουμένους
935 2825 1107 2910 ἀντιβασι-

49 2958 75 3000 οτ
89 2937 157 3011 λείς
181 2928 333 3015 ἑλόμενοι
354 2942 423 2998 τῶν
445 2931 665 3018 ἀρχαιρεσίων
687 2928 795 3015 ἕνεκα,
819 2931 837 2997 ὃ
855 2943 965 2999 ποιεῖν
984 2934 1108 3000 είώθα·

161 3049 382 3126 1.ΤιβέρεωςΑ
407 3049 539 3125 Τεβέριος
556 3049 768 3178 ΒεΤεχβέρεως
786 3053 834 3107 Bb
929 3059 945 3107 3
969 3053 1107 3126 ὥσπερΟ

88 3128 167 3196 είπερ
185 3123 315 3179 Hertlein
328 3123 445 3178 Hermes
459 3123 485 3176 X
498 3129 551 3178 419
623 3130 641 3177 4
693 3139 716 3178 ο.
731 3123 835 3178 Reiske
903 3131 919 3180 8
939 3122 1106 3181 είσιιυλίνων

86 3197 137 3252 Ac
157 3192 354 3270 <ί>σκολίνων
371 3193 419 3248 Bb
445 3196 448 3264 λ
473 3195 613 3263 πολλίμων
631 3193 707 3249 ΑΒε
787 3201 821 3250 10
839 3197 920 3266 μῖζον
939 3196 984 3250 Ba
1002 3200 1106 3266 μείζων

86 3268 134 3324 Bb
207 3273 239 3322 11
264 3267 350 3322 αὑτοῦ
369 3265 448 3321 ABG
540 3270 573 3318 12
596 3262 845 3336 προοεχόμενονΒ
871 3266 1059 3338 συνεχόμενον
1077 3267 1106 3322 R

86 3356 190 3410 προοκε
209 3337 318 3409 ωμένον
338 3355 362 3392 ο.
381 3336 485 3392 Reiske
568 3341 601 3391 18
624 3333 863 3407 χω..στρι’δαςΒ
946 3344 979 3392 19
998 3347 1054 3394 τῶν
1073 3359 1105 3395 τε

86 3412 208 3528 άνῶνΒ
298 3416 333 3464 20
351 3407 479 3479 μηχανὰς
497 3407 551 3462 del.
572 3407 661 3462 Cobet
678 3407 743 3463 Obs.
758 3426 785 3478 p.
802 3414 853 3464 185
944 3416 979 3465 25
999 3404 1106 3484 ἕλ<ό>-

87 3497 167 3546 μενοι
