2484 3876
83 194 148 259 184
506 194 672 245 —H—

83 356 213 443 λιπάρει
235 351 291 421 καὶ
314 356 359 440 μὴ
382 352 464 440 ἀνῇς
482 349 634 438 δεομένη,
657 355 738 438 μίαν
757 351 830 420 ἀντὶ
848 358 983 420 πολλῶν
1000 353 1104 440 χάριν

83 463 220 530 αίτοῦσα
243 457 319 548 παρ’
347 460 451 527 αύτοῦ
474 461 674 526 σπείσασθαι
695 463 780 544 πρὸς
801 463 879 538 τοὺς
902 458 1023 528 ἑαυτοῦ
1041 482 1104 527 πο-

82 572 174 646 λίτας
196 565 251 635 καὶ
274 572 450 634 κατελθεῖν
468 567 516 644 είς
532 567 595 651 την
614 563 776 652 δεομένην
795 565 976 652 ἀπολαβεῖν
997 567 1104 635 αὐτὸν
1240 555 1241 622 ἀ

83 674 239 760 πατρίδα·
266 676 391 752 πείσεις
416 672 496 757 γάρ,
523 667 562 738 εύ
586 678 676 756 ίσθι,
703 669 759 738 καὶ
782 672 823 738 ού
846 676 1044 760 περιόψεταί
1064 690 1104 739 σε
1240 683 1241 740 3

56 777 284 867 εέρριμμένην
319 780 408 866 παρά
446 790 515 856 τοῖς
552 775 674 845 ἑαυτοῦ
703 776 803 845 ποσὶν
836 777 922 866 ἀνὴρ
952 780 1102 866 εὐσεβής.

47 897 316 972 4καταγαγοῦσα
339 883 377 952 δὲ
398 887 458 952 τὸν
480 886 557 952 νίὸν
578 887 627 963 είς
648 886 710 970 τὴν
732 888 831 952 πόλιν
854 886 938 972 αύτή
962 883 990 952 τ’
1017 886 1185 956 ἀθά-1598

82 1018 186 1060 νατον
209 991 293 1072 ἕξεις
313 990 409 1070 κλέος
431 993 541 1079 ὥσπερ
562 993 650 1069 εἰκὸς
668 991 705 1058 ἐκ
721 993 920 1077 τηλικούτου
939 993 1104 1060 κινδύνου

83 1099 139 1166 καὶ
170 1102 280 1184 φόβου
312 1097 481 1185 ῥυσαμένη
513 1100 575 1184 τὴν
607 1100 766 1185 πατρίδα,
801 1097 858 1166 καὶ
894 1100 975 1185 ἡμῖν
1006 1107 1105 1185 τιμῆς

83 1192 174 1282 τινος
202 1205 292 1270 αίτία
313 1205 401 1288 παρὰ
423 1215 494 1283 τοῖς
515 1204 679 1291 ἀνδράσιν
698 1207 768 1293 ἔση,
791 1206 842 1272 ὅτι
861 1207 920 1272 τὸν
939 1207 981 1273 ού
1000 1207 1106 1290 δυνη-

46 1339 72 1380 ιο
85 1309 190 1377 θέντα
211 1307 268 1376 ύτί
291 1309 428 1376 ἐκείνων
452 1311 736 1396 διασκεδασθῆναι
754 1314 902 1397 πόλεμον
920 1310 1018 1378 αύταλ
1036 1313 1106 1378 διε-

85 1419 245 1503 λύσαμεν·
278 1416 416 1484 ἐκείνων
447 1416 476 1484 τ’
508 1417 643 1502 ἀληθῶς
673 1420 805 1502 ἔγγονοι
834 1429 902 1485 τῶν
933 1428 1106 1503 γυναικῶν

85 1527 323 1611 φανησόμεθα,
356 1528 393 1590 αδ
421 1527 482 1591 τὸν
514 1525 680 1591 συστάντα
705 1522 861 1616 Ῥωμύλῳ
890 1527 973 1612 πρὸς
999 1527 1106 1609 Σαβί·

85 1656 167 1709 νους
195 1635 342 1716 πόλεμον
374 1629 472 1697 αύταὶ
502 1631 788 1717 πρεσβευσάμεναι
819 1633 1016 1698 διελύσαντο
1047 1627 1106 1695 καὶ

88 1747 338 1821 συναγαγοῦσαι
361 1738 439 1814 τούς
461 1734 497 1803 θ’
524 1738 690 1824 ἡγεμόνας
712 1735 767 1804 καὶ
790 1740 830 1805 τά
853 1741 937 1824 ἔθνη
957 1738 1107 1823 μεγάλην

48 1830 124 1945 3³²⁶
147 1850 265 1927 μικρᾶς
293 1840 452 1927 ἐποίησαν
474 1844 537 1928 τὴν
559 1847 667 1910 πόλιν.
712 1846 812 1922 καλὸς
835 1845 853 1911 ὁ
881 1846 1049 1928 κίνδυνος,
1078 1838 1107 1908 ὦ

90 1947 285 2034 Οὐετουρία,
308 1950 368 2014 τὸν
385 1948 462 2015 υίὸν
480 1952 695 2035 κομίσασθαι,
718 1950 942 2037 ἐλευθερῶσαι
960 1951 1023 2036 τὴν
1043 1971 1107 2015 πα-

87 2056 195 2141 τρίδα,
218 2064 323 2120 σῶσαι
345 2055 402 2133 τάς
425 2052 542 2140 ἑαυτῆς
564 2057 745 2142 πολίτιδας,
766 2055 862 2135 κλέος
884 2056 1001 2143 ἀρετῆς
1018 2056 1106 2123 ἀθά-

87 2184 190 2228 νατον
212 2171 282 2239 τοῖς
300 2159 469 2247 ἐσομένοις
487 2167 688 2229 καταλιπεῖν.
733 2163 792 2242 δὸς
809 2163 889 2249 ἡμῖν
908 2160 1030 2230 ἑκοῦσα
1048 2160 1107 2228 καί

88 2270 168 2353 μετὰ
195 2271 386 2355 προθυμίας
412 2269 473 2353 την
500 2269 598 2355 χάριν
627 2267 683 2335 καὶ
711 2280 873 2356 σπεῦσον,
905 2266 931 2335 ὦ
961 2270 1107 2336 Οὐετου-

48 2401 76 2442 εο
89 2379 157 2460 ρία·
189 2377 318 2461 βουλὴν
345 2375 410 2462 γάρ
437 2374 458 2460 ἢ
485 2378 608 2461 χρόνον
635 2375 654 2442 ὁ
681 2377 841 2453 κίνδυνος
867 2374 945 2454 ὀξὺς
973 2376 1021 2442 ὢν
1044 2375 1108 2442 ούκ

89 2479 281 2567 ἐπιδέχεται.
443 2533 446 2538 .

156 2587 306 2653 ΧΧΧΧΙ.
334 2585 384 2651 Ἡ
401 2584 462 2672 μὲν
485 2590 528 2674 δὴ
546 2585 636 2655 ταῦτ’
658 2591 798 2654 εἰποῦσα
819 2586 875 2654 καὶ
896 2590 1004 2656 πολλά
1024 2607 1183 2675 προ-1599

90 2692 190 2776 εμένη
209 2693 337 2778 δάκρυα
355 2692 523 2778 έσίγησεν·
542 2693 758 2781 ὀδυρομένων
777 2691 815 2760 δὲ
832 2693 888 2761 καὶ
905 2707 973 2761 τῶν
993 2696 1107 2761 ἀλλων

90 2808 259 2879 γυναικῶν
281 2795 337 2863 καὶ
359 2799 484 2877 πολλάς
507 2800 636 2884 δεήσεις
661 2799 871 2886 ποιουμένου
893 2803 1014 2887 μικρὸν
1037 2799 1107 2866 έιτι-

51 2927 78 2970 ει
92 2911 217 2988 σχοῦσα
239 2902 260 2986 ἡ
282 2903 467 2989 Οὐετουρία
484 2902 541 2970 καὶ
559 2907 751 2992 δακρύσασα
771 2902 876 2973 εἶπεν·
898 2907 959 2984 Είς
977 2906 1107 2992 ἀσθενῆ

163 3095 406 3150 θστιείοεσθαιΒ
496 3095 691 3222 4ίσθ<εέωχΒ
771 3104 803 3152 11
823 3098 858 3153 ἀλ
858 3101 937 3168 ηθῦς
956 3098 1065 3154 αδδ.Β

92 3165 204 3295 ἔκχονοι
222 3165 301 3221 ABG
321 3163 432 3236 ἔγγονοι
450 3166 496 3221 Ba
556 3166 611 3224 12
633 3168 744 3294 οχιύλου
762 3168 813 3224 Ac
868 3175 902 3224 13
922 3164 1007 3225 αὗται
1024 3169 1079 3223 ΔΒ

93 3238 268 3295 διί.λυσανο
287 3237 432 3308 Kieesling
486 3239 570 3309 Ιῦτὴ
553 3239 589 3309 ὴν
608 3239 646 3293 εδ
690 3239 713 3292 Β
769 3246 802 3295 1‘1
822 3234 929 3296 ἑαυτῶν
943 3239 1108 3311 ΔΟΙάθά-

92 3331 129 3365 να
130 3330 179 3365 τον
199 3305 386 3379 έγγύνοιςτι
342 3314 400 3371 τῖος
419 3309 442 3363 0
460 3309 614 3378 praeterB
724 3308 792 3364 20
776 3329 794 3378 η
813 3310 929 3384 χρόνον]
943 3311 1108 3436 χρόνιονο.

93 3379 182 3434 Cobet
201 3380 267 3436 Oba.
286 3399 312 3451 p.
330 3383 380 3434 163
470 3385 505 3434 23
525 3375 617 3451 ἐσίγα·
637 3378 916 3450 οονοδνρομένονο

93 3448 239 3518 Kiessling
310 3455 344 3505 25
363 3447 381 3517 ἡ
401 3449 496 3505 om.B

962 3382 1109 3438 οοὶῖοολοτ
