2496 3878
90 173 233 277 ,ν

191 335 257 419 άμα
279 346 348 411 τοῖς
369 333 534 418 πελάταις,
563 332 618 399 καὶ
641 332 753 410 αὐτοῖς
776 331 922 412 ἐξιοῦσιν
946 333 1059 416 ὀλίγον
1081 357 1112 397 τι
1133 331 1187 399 ἀπὸ

155 442 250 507 3τοῦ
274 443 382 526 δημου
400 439 499 526 μέρος
517 440 784 526 συνεστράτευεν.
819 439 953 524 ἡγεμὼν
972 436 1009 504 δὲ
1032 449 1097 504 τῶν
1115 438 1189 517 ἐξελ-

191 550 325 613 θόντων
351 542 395 631 ἦν
422 545 522 624 Γάιος
543 547 698 634 Μάρκιος
725 547 744 613 ὁ
771 546 835 630 την
860 546 1077 633 Κοριολάνων
1102 549 1223 612 πόλινιω

191 651 276 718 ἑλών
298 652 372 718 κάν·
388 661 428 738 τῇ
456 655 538 739 πρὸς
557 650 726 730 Ἀντιάτας
748 652 943 738 ἀριστεύσας
965 653 1066 739 μάχη,
1092 650 1193 717 καλοί

165 780 178 821 ι
191 763 339 825 πλεῖστοι
352 771 419 825 τῶν
434 757 608 845 ἀραμένων
621 761 661 824 τὰ
676 759 761 825 ὅπλα
775 760 929 842 δημοτῶν
942 769 1061 824 τοῦτον
1075 757 1191 836 ἐξιόντα

193 867 335 952 ὁρῶντες
357 866 628 952 ἐπερρώσθησαν,
651 866 687 931 οῖ
706 861 767 949 μὲν
791 861 835 929 δι’
856 865 1005 949 εὔνοιαν,
1029 865 1063 930 οί
1083 860 1118 928 δέ
1139 872 1191 928 τοῦ

191 974 419 1058 κατορθώσειν
447 970 569 1036 έλπίδι·
599 973 795 1057 περιβόητος
821 971 884 1056 γάρ
913 965 955 1054 ἦν
978 972 1043 1055 ἤδη
1067 971 1084 1036 ὁ
1107 969 1191 1054 ἀνήρ,

191 1076 246 1142 καὶ
279 1076 354 1154 δέος
385 1077 489 1142 αὐτοῦ
517 1074 601 1162 μέγα
629 1078 718 1163 παρὰ
749 1088 818 1154 τοῖς
848 1080 1019 1162 πολεμίοις
1050 1076 1191 1160 ἐγεγόνει.

157 1184 274 1266 4αύτη
297 1187 510 1268 προελθοῦσα
528 1184 548 1267 ἡ
574 1177 708 1269 στρατιά
727 1180 821 1268 μέχρι
839 1186 966 1260 πόλεως
981 1182 1109 1272 Ἀντίου
1127 1184 1193 1267 δίχα

152 1313 178 1353 ιο
193 1290 342 1374 <πόνου>
370 1293 463 1354 σίτου
490 1294 617 1356 πολλοῦ
639 1287 909 1373 καταληφθέντος
936 1289 973 1356 έν
996 1302 1065 1367 τοῖς
1090 1288 1193 1373 ἀγροῖς

193 1394 248 1461 καὶ
263 1394 484 1481 ἀνδραπόδων
502 1394 557 1461 καὶ
575 1396 794 1480 βοσκημάτων
814 1401 947 1481 συχνῶν
961 1395 1118 1482 έγκρατης
1133 1392 1193 1477 ἐγέ-

192 1526 284 1585 νετο,
311 1499 366 1567 καὶ
393 1500 461 1586 μετ’
494 1502 534 1567 οὐ
562 1505 648 1568 πολὺ
675 1510 785 1587 παρῆν
812 1500 1021 1588 εὐπορωτέρα
1042 1509 1193 1586 Ιγεγονυῖα

192 1619 261 1684 τοῖς
283 1609 364 1672 κατὰ
387 1610 447 1672 τὸν
469 1610 557 1693 βίον,
581 1609 663 1672 ώστε
682 1618 751 1683 τοῖς
768 1608 967 1693 ὑπομείνασι
984 1609 1112 1691 πολλὴν
1128 1630 1194 1672 κατ-

192 1717 312 1798 ήφειαν
336 1711 390 1778 καὶ
412 1713 619 1799 κατάμεμψιν
642 1724 708 1779 τῶν
732 1715 940 1797 δημαγωγῶν
963 1713 1124 1799 ἐμπεσεῖν,
1153 1707 1191 1776 δι’

151 1803 252 1917 Ξοδς
269 1818 524 1906 ἀποστερεῖσθαι
543 1819 683 1885 ἐδόκουν
701 1829 759 1904 τῆς
778 1820 893 1904 ὁμοίας
911 1820 1070 1907 εὐτυχίας.
1107 1819 1124 1885 ὁ
1141 1815 1194 1903 μὲν
1222 1891 1223 1909 χ

194 1926 235 2008 δη
259 1926 419 2008 Γεγάνιος
450 1924 505 1991 καὶ
536 1921 713 2010 Μηνύκιος
743 1927 780 1991 οί
808 1919 928 1992 τοῦτον
959 1929 1019 1992 τὸν
1051 1926 1195 1992 ἐνιαυτὸν

192 2031 411 2109 ὑπατεύοντες
425 2031 461 2098 έν
475 2033 630 2116 μεγάλοις
647 2031 703 2097 καὶ
721 2035 944 2109 παντοδαποῖς
956 2045 1094 2118 χειμῶσι
1112 2033 1195 2116 γενό-
1221 2043 1222 2056 ἢ

193 2161 288 2221 μενοι
302 2135 357 2202 καὶ
370 2138 529 2215 πολλάκις
542 2137 723 2225 ἀνατρέψαι
737 2139 1014 2216 κινδυνεύσαντες
1027 2141 1089 2223 τὴν
1106 2141 1196 2203 πόλιν
1220 2203 1221 2209 ¹

193 2241 298 2309 οὐθὲν
330 2246 443 2309 δεινὸν
475 2244 688 2330 εἰργάσαντο,
725 2244 808 2310 ἀλλὰ
843 2243 1006 2310 διέσωσαν
1038 2247 1079 2310 τά
1110 2243 1220 2309 κοινάιῖ

152 2374 179 2413 νο
192 2351 443 2437 φρονιμώτερον
463 2354 590 2435 μᾶλλον
608 2350 629 2434 ἢ
648 2349 881 2436 εὐτυχέστερον
896 2362 965 2427 τοῖς
984 2353 1199 2436 συμβαίνουσι

191 2457 401 2543 χρησάμενοι.

216 2623 219 2628 ,
258 2562 329 2627 XX.
373 2563 417 2627 Οί
446 2558 489 2628 ’δὲ
525 2560 593 2646 μετ’
635 2562 756 2640 αὐτοὺς
796 2560 1050 2648 ἀποδειχθέντες
1086 2562 1199 2627 ὕπατοι

160 2673 163 2680 ’
193 2659 332 2752 Μάρκος
349 2669 525 2750 Μηνύκιος
544 2668 755 2754 Αὐγουρῖνος
777 2667 832 2732 καὶ
855 2662 968 2745 Αὖλος
989 2669 1200 2754 Σεμπρώνιος

189 2771 378 2858 Ἀτρατῖνος
396 2774 553 2858 δεύτερον
566 2774 783 2849 καταστάντες
801 2772 854 2838 ἐπὶ
872 2776 933 2857 την
952 2767 1068 2860 ἀρχήν,
1087 2775 1200 2858 ἀνδρες

264 2928 379 2984 final
397 2928 471 2999 τῇΟ
496 2928 545 2982 καὶ
569 2923 600 2984 έν
622 2937 655 3000 τῇ
684 2929 773 2984 Cobet
801 2929 865 2984 0bs.
884 2949 912 2999 p.
928 2936 978 2985 139
1011 2929 1065 2984 κάν
1088 2937 1121 3000 τῇ
1150 2943 1198 2995 ego

196 3002 247 3055 ὃ*
261 2997 463 3070 συναραμένων
483 2999 505 3052 O
525 3001 632 3054 correxi
732 3000 966 3074 9στρυιτ<ι>διΒ
1062 3007 1095 3054 10
1113 2999 1200 3054 πόνου

194 3071 259 3126 add.
278 3071 423 3140 Kiessling
445 3073 592 3140 σχισθεῖεν
610 3071 789 3125 inserendum
812 3087 873 3125 εεεε
892 3076 989 3126 censet
1006 3072 1115 3140 Kayser
1132 3071 1201 3124 Anu.

193 3141 263 3212 phil.
279 3146 348 3196 1868
366 3161 393 3211 p.
409 3148 459 3196 817
548 3148 581 3195 12
601 3143 634 3196 ού
653 3140 713 3212 μετ’
735 3143 857 3207 οδπολδ
877 3142 899 3196 0
919 3159 988 3199 corr.
1007 3140 1151 3208 Kiessling
1168 3139 1202 3194 cf.

195 3213 318 3268 Sintenis
336 3213 398 3268 Em.
417 3212 497 3268 Dion.
516 3213 603 3267 11111
713 3219 747 3267 15
766 3214 978 3283 ἀποστερησθοιι
997 3213 1117 3283 Sylburg
1135 3212 1214 3265 &nou

195 3283 344 3355 στερέσθαι
362 3283 506 3353 Kiessling
524 3281 732 3354 ἀποστέρεσθαι
750 3284 839 3338 Cobet
852 3283 917 3338 Obs.
932 3302 959 3352 p.
976 3291 1026 3339 139
1093 3289 1126 3337 18
1146 3301 1202 3335 κιν-

196 3355 346 3409 δυνεύσωσι
365 3373 387 3410 ο.
403 3354 545 3409 Schwartz
561 3355 743 3424 Mnemosyne
759 3360 800 3422 14,
818 3359 868 3408 197
940 3361 974 3409 23
994 3352 1078 3417 αδλος
1095 3349 1213 3424 έμπρώη

195 3443 255 3486 νιος
273 3425 320 3478 Ba
391 3432 425 3479 24
441 3423 594 3496 Ἀτρατῖνος
611 3426 687 3481 ABa
702 3422 873 3495 Ἀτραντῖνος
890 3425 938 3478 Bb
954 3423 1107 3486 Ἀντατῐνος
1126 3424 1146 3478 Ο
