2508 3882
109 171 174 238 206
534 176 700 224 -H-

74 330 200 400 2ταῦτ’
226 334 329 398 είπὼν
357 331 410 399 ἐπὶ
437 333 499 416 τήν
528 335 656 418 σκηνὴν
679 329 777 420 ἀπήει
801 333 958 409 κελεύσας
986 329 1131 396 ἀκολου-

108 445 185 504 θεῖν
212 441 273 523 τήν
300 462 335 505 τε
363 437 486 523 μητέρα
513 438 568 504 καὶ
595 441 657 524 τήν
684 449 827 522 γυναῖκα
855 435 911 503 καὶ
933 438 974 503 τά
997 437 1130 520 παιδία,

109 548 194 610 ἔνθα
217 547 275 611 τὸν
299 548 418 611 λοιπὸν
441 553 498 629 τῆς
519 544 643 631 ἡμέρας
664 548 789 632 χρόνον
809 544 1039 627 σκοπούμενος
1062 545 1128 608 σὺν

109 652 238 735 αὐταῖς,
267 652 285 716 ό
308 675 339 718 τι
363 653 424 738 χρή
447 651 615 738 πράττειν,
639 649 832 716 διετέλεσεν.
878 645 920 734 ἦν
945 645 983 714 δέ
1005 650 1047 714 τά
1070 649 1129 714 δό-

82 757 209 836 ὀξαντα
233 758 346 836 αὐτοῖς
367 757 492 824 τοιάδε·
522 756 597 842 περὶ
620 753 681 842 μὲν
704 765 761 840 τῆς
783 757 935 822 καθόδου
959 757 1041 839 μήτε
1065 757 1129 840 τήν

108 866 235 948 βουλήν
258 864 351 941 τέλος
374 860 482 950 μηθὲν
502 862 653 951 ἐκφέρειν
672 865 720 940 είς
741 866 801 929 τὸν
820 864 928 946 δήμου
946 857 1021 945 μήτ’
1044 859 1128 926 ἐκεί-

108 996 170 1036 νου
198 970 423 1056 ἐπιψηφίζειν,
449 968 529 1052 πρὶν
556 969 599 1035 ἀν
625 981 695 1046 τοῖς
724 969 953 1045 Οὐολούσκοις
983 966 1127 1053 εὐτρεπῆ

108 1076 242 1160 γένηται
265 1078 306 1141 τά
328 1074 404 1161 περὶ
434 1080 547 1160 φιλίας
569 1074 625 1141 καὶ
646 1077 857 1152 καταλύσεως
879 1083 940 1141 τοῦ
962 1070 1126 1157 πολέμου·

108 1183 211 1248 αὐτὸν
241 1178 278 1246 δὲ
307 1183 368 1263 τὴν
398 1184 555 1267 στρατιάν
584 1181 815 1265 ἀναστήσαντα
848 1181 893 1257 ὡς
922 1181 978 1245 διά
1011 1182 1194 1264 φιλίας1633

69 1309 93 1347 10
108 1297 168 1372 γῆς
195 1286 348 1370 ἀπάγειν·
376 1288 565 1375 ὑποσχόντα
593 1284 630 1353 δὲ
657 1297 714 1371 τῆς
737 1287 840 1374 ἀρχῆς
861 1290 964 1370 λόγον
987 1283 1043 1351 καὶ
1068 1286 1127 1363 τὰς

108 1393 297 1478 εὐεργεσίας
328 1393 590 1478 ἀποδειξάμενον
626 1393 742 1473 ἀξιοῦν
774 1397 853 1470 τοὺς
885 1389 1127 1478 ἐπιτρέψαντας

108 1499 196 1587 αὐτῷ
219 1501 281 1584 τήν
305 1501 473 1586 στρατιάν,
496 1501 638 1584 μάλιστα
661 1496 722 1585 μὲν
745 1503 842 1586 φιλίᾳ
866 1497 1023 1585 δέχεσθαι
1044 1501 1127 1575 τοὺς

108 1609 286 1690 πολεμίους
304 1604 358 1671 καὶ
376 1609 548 1690 συνθήκας
564 1609 771 1690 ποιήσασθαι
789 1608 930 1689 δικαίας,
953 1605 1042 1693 αὐτῷ
1061 1605 1125 1688 τήν

109 1712 242 1795 ίσότητα
269 1709 324 1776 καὶ
353 1715 391 1777 τὸ
414 1715 458 1795 μή
482 1719 649 1798 σφαλῆναι
672 1710 749 1799 περὶ
771 1714 828 1790 τάς
850 1712 1029 1796 ὁμολογίας
1053 1709 1127 1776 ἐπι-

69 1801 299 1913 Ξτρίψαντας.
345 1821 376 1883 εί
398 1815 428 1883 δ’
456 1817 508 1884 ἐπὶ
531 1830 600 1896 τοῖς
622 1817 899 1906 κατωρθωμένοις
922 1821 1040 1906 σφίσιν
1064 1819 1126 1882 αὐ-
1242 1843 1248 1850 ·

108 1923 246 1999 θαδείας
273 1921 560 2010 ἀναπιμπλάμενοι
588 1927 632 2010 μή
663 1925 813 2011 δέχοιντο
843 1925 901 2002 τάς
931 1923 1125 2008 διαλλαγάς,

108 2027 313 2112 ἀφίστασθαι
339 2040 396 2115 τῆς
423 2031 525 2118 ἀρχῆς
551 2032 671 2109 αὐτοῖς.
716 2031 737 2116 ή
766 2033 829 2117 γάρ
858 2031 919 2116 οὐχ
941 2031 1126 2114 ὑπομενεῖν

109 2135 230 2213 αὐτοὺς
256 2137 359 2204 ἀλλον
387 2139 461 2204 τινά
488 2140 656 2224 αίρεϊσθαι
690 2140 874 2224 στρατηγὸν
903 2131 946 2202 δι’
978 2135 1125 2222 ἀπορίαν

109 2240 240 2325 ἀγαθοῦ
271 2243 450 2329 ἡγεμόνος,
486 2244 507 2328 ή
543 2246 914 2331 παρακινδυνεύσαντας
946 2243 1125 2331 ὁτῳδήτινι

69 2369 95 2408 20
108 2352 318 2436 παραδοῦναι
345 2352 403 2428 τάς
430 2352 587 2435 δυνάμεις
616 2354 679 2417 σὺν
706 2351 831 2436 μεγάλῃ
855 2350 1126 2435 διδαχθήσεσθαι

109 2456 215 2543 βλάβη
239 2458 300 2539 τήν
322 2466 382 2523 τοῦ
406 2456 633 2545 συμφέροντος
655 2457 793 2543 αἵρεσιν.
838 2457 878 2522 τά
901 2451 963 2540 μὲν
982 2455 1023 2538 δή
1043 2457 1126 2537 βου-

22 2609 31 2616 -
110 2560 272 2628 λευθέντα
295 2562 484 2640 αὐτοῖςκαὶ
506 2565 647 2643 δόξαντα
666 2564 777 2630 δίκαιά
794 2587 829 2628 τε
851 2559 907 2629 καὶ
931 2561 1006 2627 όσια
1025 2555 1127 2642 εἶναι,

109 2671 219 2752 φήμης
249 2665 278 2732 τ’
310 2668 441 2753 ἀγαθῆς
470 2668 521 2755 ἐφ’
554 2664 575 2756 ᾗ
606 2671 747 2754 μάλιστα
776 2670 794 2735 ὁ
826 2668 911 2754 ἀνήρ
942 2666 1127 2744 ἐσπούδαζε

75 2773 198 2856 4παρά
221 2780 301 2836 πᾶσι
323 2773 514 2858 τευξόμενα,
536 2775 647 2840 τοιάδε
670 2770 722 2858 ἦν.
769 2772 922 2862 ἐτάραττε
942 2771 982 2838 δέ
997 2795 1046 2850 τις
1065 2772 1126 2836 αὐ-

71 2895 97 2936 25
110 2881 188 2955 τοὺς
211 2877 338 2956 ὑποψία
362 2877 437 2956 δέος
460 2881 590 2964 ἔχουσα,
613 2883 657 2966 μή
681 2902 760 2946 ποτε
778 2880 952 2963 ἀλόγιστος
970 2881 1068 2964 όχλος
1087 2877 1127 2943 ἐν

110 2984 219 3050 ε’λπίδι
246 2992 307 3049 τοῦ
334 2983 676 3070 καταπεπολεμηκέναι
704 2989 741 3052 τὸ
775 2987 955 3052 ἀντίπαλον
982 2986 1047 3069 ήδη
1077 2984 1128 3050 ὢν

111 3089 154 3157 δι’
188 3091 287 3179 ὀργῆς
319 3088 462 3177 ἀκράτου
494 3091 579 3178 λάβῃ
611 3094 672 3177 τήν
704 3092 885 3179 ἀποτυχίαν
915 3093 1051 3156 κάπειτα
1080 3091 1202 3169 ὡς1634

110 3201 279 3287 προδότην
298 3196 400 3263 αὐτὸν
414 3194 493 3264 οὐδὲ
507 3200 610 3281 λόγου
624 3201 786 3283 μεταδοὺς
800 3201 989 3287 αὐτοχειρίᾳ
1007 3197 1127 3283 φθάση

182 3362 198 3409 5
217 3355 284 3426 μήτε
303 3355 355 3424 τήν
375 3354 477 3427 βουλήν
505 3355 573 3426 μήτε
593 3355 659 3411 ἀλλο
678 3356 816 3426 μηθὲνΑ
906 3363 922 3412 8
942 3355 978 3410 τὰ
997 3372 1051 3410 om.
1072 3354 1128 3408 AB

113 3433 145 3480 16
165 3427 393 3496 ἀναπιπλάμενοι
411 3425 436 3479 A
509 3433 542 3482 1ἵ
562 3425 713 3497 ὑπομένειν
732 3427 783 3480 ΑΒ
