2484 3876
483 227 645 276 -z-
1026 223 1069 289 93

76 387 209 462 ἐλάττους
227 396 294 452 τῶν
312 386 424 451 άλλων
444 383 598 451 ἁπάντων
617 387 710 462 ὄντες
728 389 858 472 ἔσχατοι
877 387 938 470 τήν
954 395 1070 471 ψήφου

75 493 304 576 ἀνελάμβανον,
331 489 392 556 ἕνα
420 493 525 573 μόνον
553 493 683 576 ἔχοντες
709 494 824 578 λόχον·
857 486 950 558 οὗτοι
973 508 1070 576 στρα-

74 610 153 664 τειῶν
173 595 202 663 τ’
223 593 311 682 ήσαν
334 595 506 683 ἐλεύθεροι
528 607 596 662 τῶν
619 595 654 662 ἐκ
675 601 861 681 καταλόγου
884 595 939 663 καλ
960 600 1072 683 είσφο-

74 716 128 790 ρῶν
156 716 223 770 τῶν
256 705 338 771 κατά
370 706 532 788 τιμήματα
563 704 751 789 γινομένων
783 703 908 782 ἀτελεῖς
938 703 994 771 καλ
1024 702 1069 770 δι’

73 813 153 896 άμφω
180 809 274 878 ταῦτ’
301 811 337 876 ἐν
363 823 436 888 ταῖς
460 814 687 896 ψηφοφορίαις
715 811 913 896 άτιμότατοι.
958 813 990 876 εί
1011 787 1113 904 μλνῗὓ

73 911 122 982 οὖν
141 916 194 982 ἐπὶ
216 929 287 984 τῶν
310 917 452 1003 πρώτων
474 919 595 1001 λόχων,
618 917 677 996 οὓς
699 919 735 983 οί
754 915 790 983 θ’
815 918 923 994 ἱππεῖς
941 915 1074 1000 ἐξεπλή-

74 1048 141 1106 ρουν
162 1023 219 1090 καὶ
243 1036 311 1090 τῶν
332 1026 439 1102 πεζῶν
463 1023 499 1090 ολ
517 1024 579 1107 τήν
600 1024 735 1110 πρώτην
758 1022 850 1102 τάξιν
869 1021 905 1090 ἐν
923 1034 993 1100 τοῖς
1015 1044 1074 1089 πο-

72 1128 165 1214 λέμοις
185 1131 425 1215 λαμβάνοντες,
448 1129 547 1196 ταύτὸ
566 1134 770 1216 φρονήσαιεν
789 1128 869 1196 ἑπτά
887 1127 943 1195 καλ
961 1129 1074 1213 ἐνενή-

31 1255 154 1302 νιενιοντα
178 1241 286 1324 λόχοι,
308 1236 401 1314 τέλος
424 1231 510 1321 εἶχεν
532 1236 553 1320 ἡ
572 1241 780 1324 ψηφοφορία,
802 1235 857 1303 καλ
876 1233 986 1303 οὐκέτι
1005 1247 1075 1314 τοῖς

15 1369 16 1426 3
72 1348 182 1421 λοιποῖς
210 1343 247 1421 ἓξ
274 1341 329 1408 καὶ
353 1342 552 1426 ἐνενήκοντα
575 1345 686 1428 λόχοις
709 1341 884 1410 ἀνεδίδοτο
906 1343 927 1428 ή
949 1351 1074 1429 ιλιήφος·
1089 1367 1115 1408 ιο

71 1452 95 1512 εί
112 1447 145 1514 όέ
167 1452 214 1534 μὴ
240 1460 338 1516 τοῦτο
361 1447 503 1532 γίνοιτο,
528 1449 548 1532 ή
573 1449 709 1534 δευτέρα
732 1454 900 1535 συμμορία
921 1459 988 1515 τῶν
1011 1449 1073 1515 δύο

71 1554 113 1620 καὶ
142 1562 250 1622 είκοσι
283 1557 392 1640 λόχων
424 1553 588 1639 ἐκαλεῖτο,
618 1553 674 1621 καὶ
703 1555 723 1639 ἡ
753 1559 860 1640 τρίτη·
892 1551 947 1620 καλ
977 1563 1074 1620 τοῦτο

71 1660 268 1744 συνέβαινεν,
291 1661 354 1738 ἕως
376 1655 416 1726 οὗ
439 1660 538 1727 ταύτὸ
556 1663 772 1746 φρονήσωσιν
790 1659 871 1728 ἑπτά
889 1657 944 1726 καὶ
963 1658 1075 1743 ἐνενή-

15 1723 17 1848 ἐ
71 1789 155 1831 νοντα
178 1768 284 1851 λόχοι.
321 1763 376 1831 καὶ
399 1766 439 1830 τά
461 1762 522 1850 μὲν
544 1769 651 1833 πολλά
673 1779 741 1835 τῶν
764 1766 1004 1852 ἀγωνισμάτων
1022 1765 1109 1840 ἐπλ8

71 1883 124 1937 τῶν
150 1874 297 1959 πρώτων
325 1874 475 1955 κλήσεων
504 1872 597 1951 τέλος
627 1873 827 1958 ἐλάμβανεν,
857 1873 940 1940 ὥστε
970 1869 1075 1958 μηδὲν
1090 1897 1115 1939 ιι

15 2027 16 2032 ,
72 1981 110 2042 ἐτι
130 1981 202 2044 όεῖυ
225 1989 294 2045 τῶν
317 1977 473 2064 ἐσχάτων.
510 1983 658 2056 σπανίως
680 1976 721 2045 όί
735 2000 801 2045 που
820 1987 954 2063 πρᾶγμα
972 1979 1077 2056 οὕτως

15 2039 17 2166 ἐ
72 2082 316 2170 ἐνδοιαζόμενον
339 2083 526 2169 ἐνέπιπτεν,
551 2086 634 2152 ὥστε
658 2085 753 2171 μέχρι
775 2095 833 2170 τῆς
856 2084 992 2170 ἐσχάτης
1013 2088 1077 2169 ψή-

71 2214 126 2273 φου
153 2201 214 2277 τῆς
244 2202 311 2256 τῶν
340 2191 562 2276 ἀπορωτάτων
589 2197 781 2277 προελθεῖν·
814 2189 869 2257 καί
896 2186 939 2275 ἦν
966 2191 1076 2274 ὥσπερ

72 2294 152 2382 τέρας
179 2307 280 2364 τοῦτο
307 2297 514 2384 σχισθέντων
542 2299 618 2382 δίχα
645 2291 712 2363 τῶν
739 2296 909 2383 προτέρων
936 2297 999 2362 όόο
1022 2295 1077 2361 ιιοιλ

72 2401 260 2488 ἐνενήκοντα
292 2401 348 2469 καὶ
375 2402 491 2470 ἑκατὸν
519 2406 628 2489 λόχων
656 2405 717 2488 τήν
744 2407 935 2470 τελευταίαν
961 2411 1077 2487 ψήφου
1091 2427 1117 2469 ιο

73 2507 296 2596 ἐπενεχθεῖσαν
320 2509 460 2587 ἐκείναις
483 2505 592 2576 αἰτίαν
615 2508 773 2593 γενέσθαι
795 2517 853 2592 τῆς
875 2507 929 2574 ἐπὶ
950 2509 1077 2594 θάτερα

73 2614 169 2700 ῥοπῆς.
218 2618 255 2680 οί
279 2612 340 2700 μέν
368 2611 431 2682 οὖν
458 2619 760 2701 συναγωνιζόμενοι
782 2617 927 2704 Μαρκίῳ
954 2615 1112 2699 ταύτην9

73 2718 174 2800 ἠξίουν
198 2725 314 2786 καλεῖν
337 2723 399 2806 τήν
422 2721 487 2787 όιπὸ
506 2733 572 2787 τῶν
590 2720 782 2806 τιμημάτων
801 2719 978 2807 ἐκκλησίαν
995 2721 1077 2788 ὑπο-

74 2828 287 2912 λαμβάνοντες
317 2827 398 2913 τάχα
429 2823 490 2911 μέν
517 2826 570 2893 ἐπὶ
599 2836 657 2911 τής
683 2829 813 2914 πρώτης
839 2831 985 2913 κλήσεως
1011 2828 1077 2894 ὑπὸ

74 2943 127 2997 τῶν
153 2934 240 2999 ὀκτὼ
271 2931 326 2998 καὶ
355 2931 551 3016 ἐνενήκοντα
578 2937 687 3019 λόγων
714 2934 991 3018 ἀπολυθήσεσθαι
1018 2937 1077 3001 τὸν
1092 2957 1118 3000 ετ

15 3189 16 3192 ¹
134 3132 147 3178 1
173 3123 291 3194 ἔσχατον
308 3125 361 3179 ΑΒ
421 3132 436 3178 2
462 3133 627 3195 στρατιῶται
645 3126 698 3179 AB
718 3135 867 3196 στρατειῶν
885 3147 915 3182 τε
934 3144 958 3182 ο.
976 3127 1077 3180 Portus

76 3195 98 3246 ελ
112 3195 232 3265 Sylburg
282 3203 306 3278 ,6
327 3193 377 3277 οίρν
396 3194 427 3252 οί
443 3191 532 3250 ἐπλΑ
590 3195 642 3288 β*
655 3196 687 3250 τὸ
706 3197 817 3288 αμτὸρ
838 3202 842 3268 1
864 3196 1043 3286 φρονήσαιεν
1055 3194 1077 3249 O

15 3299 16 3362 ?
76 3265 422 3392 3⁰22⁶1ssf⁶ffi15¹22⁰n⁹⁸¹¹⁰⁸13
447 3266 1078 3407 {32'2³2³‘ff‘ilrfflfiss‘essfffssssessssffiss‘nssffizff

15 3389 17 3428 i
76 3403 192 3477 llp.15.
211 3415 246 3463 16
303 3415 335 3463 19
354 3407 441 3479 πέρας
460 3409 483 3464 0
501 3407 584 3479 τέρας
602 3381 678 3488 λλιος
695 3409 730 3488 qf.
747 3408 785 3462 IV
800 3415 874 3474 20‚⁶
928 3413 962 3459 23
981 3410 1078 3460 καλεῖν

15 3463 17 3568 ή
77 3491 121 3534 om.
139 3482 162 3532 A
233 3485 270 3534 24
288 3480 345 3534 άπὸ
363 3487 412 3548 τῆς
431 3479 453 3533 Ο
474 3475 521 3533 ἐπὶ
539 3487 588 3548 τῆς
606 3478 751 3547 K1esshng
