<?xml version="1.0" encoding="UTF-8"?>
<!DOCTYPE html PUBLIC "-//W3C//DTD XHTML 1.0 Transitional//EN"
    "http://www.w3.org/TR/xhtml1/DTD/xhtml1-transitional.dtd">
<html xmlns="http://www.w3.org/1999/xhtml" xml:lang="en" lang="en">
 <head>
  <title>
</title>
<meta http-equiv="Content-Type" content="text/html;charset=utf-8" />
  <meta name='ocr-system' content='tesseract 3.04.00' />
  <meta name='ocr-capabilities' content='ocr_page ocr_carea ocr_par ocr_line ocrx_word'/>
</head>
<body>
  <div class='ocr_page' id='page_1' title='image "./antiquitatumrom02jacogoog_0143.png"; bbox 0 0 2484 3876; ppageno 0'>
   <div class='ocr_carea' id='block_1_1' title="bbox 160 169 741 233">
    <p class='ocr_par' dir='ltr' id='par_1_1' title="bbox 160 169 741 233">
     <span class='ocr_line' id='line_1_1' title="bbox 160 169 741 233; baseline -0.002 0"><span class='ocrx_word' id='word_1_1' title='bbox 160 169 225 233; x_wconf 85' lang='lat'><strong><em>114</em></strong></span> <span class='ocrx_word' id='word_1_2' title='bbox 579 171 741 220; x_wconf 80' lang='grc' dir='ltr'><strong><em>-Ζ-</em></strong></span> 
     </span>
    </p>
   </div>
   <div class='ocr_carea' id='block_1_2' title="bbox 120 325 1235 1747">
    <p class='ocr_par' dir='ltr' id='par_1_2' title="bbox 120 325 1235 1747">
     <span class='ocr_line' id='line_1_2' title="bbox 123 325 1195 416; baseline -0.003 -18"><span class='ocrx_word' id='word_1_3' title='bbox 123 332 214 398; x_wconf 81' lang='grc' dir='ltr'><strong><em>4καλ</em></strong></span> <span class='ocrx_word' id='word_1_4' title='bbox 237 332 285 395; x_wconf 86' lang='grc' dir='ltr'><strong><em>ἐτι</em></strong></span> <span class='ocrx_word' id='word_1_5' title='bbox 307 329 509 416; x_wconf 88' lang='grc' dir='ltr'><strong><em>σαφέστερον</em></strong></span> <span class='ocrx_word' id='word_1_6' title='bbox 532 327 569 394; x_wconf 87' lang='grc' dir='ltr'><strong><em>ἐν</em></strong></span> <span class='ocrx_word' id='word_1_7' title='bbox 590 325 764 416; x_wconf 72' lang='grc' dir='ltr'><strong><em>Ὀδυσσείᾳ</em></strong></span> <span class='ocrx_word' id='word_1_8' title='bbox 793 339 893 395; x_wconf 81' lang='grc' dir='ltr'><strong><em>τοῦτο</em></strong></span> <span class='ocrx_word' id='word_1_9' title='bbox 916 341 1010 395; x_wconf 85' lang='grc' dir='ltr'><strong><em>ποιεί</em></strong></span> <span class='ocrx_word' id='word_1_10' title='bbox 1029 332 1195 415; x_wconf 89' lang='grc' dir='ltr'><strong><em>φανερὸν</em></strong></span> 
     </span>
     <span class='ocr_line' id='line_1_3' title="bbox 160 431 1195 522; baseline -0.002 -19"><span class='ocrx_word' id='word_1_11' title='bbox 160 434 213 504; x_wconf 84' lang='grc' dir='ltr'><strong><em>ἐπὶ</em></strong></span> <span class='ocrx_word' id='word_1_12' title='bbox 244 444 301 520; x_wconf 78' lang='grc' dir='ltr'><strong><em>τῆς</em></strong></span> <span class='ocrx_word' id='word_1_13' title='bbox 323 435 416 522; x_wconf 84' lang='grc' dir='ltr'><strong><em>Ἴρου</em></strong></span> <span class='ocrx_word' id='word_1_14' title='bbox 443 433 498 502; x_wconf 81' lang='grc' dir='ltr'><strong><em>καὶ</em></strong></span> <span class='ocrx_word' id='word_1_15' title='bbox 525 431 709 512; x_wconf 77' lang='grc' dir='ltr'><strong><em>Ὀδυσσέως</em></strong></span> <span class='ocrx_word' id='word_1_16' title='bbox 736 445 869 520; x_wconf 75' lang='grc' dir='ltr'><strong><em>πυγμῆς</em></strong></span> <span class='ocrx_word' id='word_1_17' title='bbox 898 435 936 501; x_wconf 91' lang='grc' dir='ltr'><strong><em>ἐν</em></strong></span> <span class='ocrx_word' id='word_1_18' title='bbox 966 437 1081 502; x_wconf 79' lang='grc' dir='ltr'><strong><em>’τοῖσδε</em></strong></span> <span class='ocrx_word' id='word_1_19' title='bbox 1114 448 1195 512; x_wconf 80' lang='grc' dir='ltr'><strong><em>τοῖς</em></strong></span> 
     </span>
     <span class='ocr_line' id='line_1_4' title="bbox 159 547 284 610; baseline -0.008 0"><span class='ocrx_word' id='word_1_20' title='bbox 159 547 284 610; x_wconf 72' lang='grc' dir='ltr'><strong><em>ἐπεσιν*</em></strong></span> 
     </span>
     <span class='ocr_line' id='line_1_5' title="bbox 218 645 1193 735; baseline 0 -21"><span class='ocrx_word' id='word_1_21' title='bbox 218 646 279 728; x_wconf 79' lang='grc' dir='ltr'><strong><em>Ὣς</em></strong></span> <span class='ocrx_word' id='word_1_22' title='bbox 292 646 402 735; x_wconf 69' lang='grc' dir='ltr'><strong><em>ἔφαθ’·</em></strong></span> <span class='ocrx_word' id='word_1_23' title='bbox 417 650 453 714; x_wconf 87' lang='grc' dir='ltr'><strong><em>οί</em></strong></span> <span class='ocrx_word' id='word_1_24' title='bbox 464 645 494 714; x_wconf 88' lang='grc' dir='ltr'><strong><em>δ’</em></strong></span> <span class='ocrx_word' id='word_1_25' title='bbox 506 649 570 734; x_wconf 83' lang='grc' dir='ltr'><strong><em>ἀρα</em></strong></span> <span class='ocrx_word' id='word_1_26' title='bbox 583 649 702 725; x_wconf 86' lang='grc' dir='ltr'><strong><em>πάντες</em></strong></span> <span class='ocrx_word' id='word_1_27' title='bbox 716 647 872 735; x_wconf 72' lang='grc' dir='ltr'><strong><em>ἐπῄνεον·</em></strong></span> <span class='ocrx_word' id='word_1_28' title='bbox 887 649 992 735; x_wconf 82' lang='grc' dir='ltr'><strong><em>αὐτὰρ</em></strong></span> <span class='ocrx_word' id='word_1_29' title='bbox 999 647 1193 726; x_wconf 84' lang='grc' dir='ltr'><strong><em>Ὀδυσσεὺς</em></strong></span> 
     </span>
     <span class='ocr_line' id='line_1_6' title="bbox 132 751 1192 841; baseline -0.001 -20"><span class='ocrx_word' id='word_1_30' title='bbox 132 779 146 821; x_wconf 82' lang='grc' dir='ltr'><strong><em>ε</em></strong></span> <span class='ocrx_word' id='word_1_31' title='bbox 227 757 362 822; x_wconf 84' lang='grc' dir='ltr'><strong><em>Ζῶσατο</em></strong></span> <span class='ocrx_word' id='word_1_32' title='bbox 385 751 446 841; x_wconf 74' lang='grc' dir='ltr'><strong><em>μὲν</em></strong></span> <span class='ocrx_word' id='word_1_33' title='bbox 469 755 604 841; x_wconf 81' lang='grc' dir='ltr'><strong><em>ῥάκεσιν</em></strong></span> <span class='ocrx_word' id='word_1_34' title='bbox 625 757 702 840; x_wconf 80' lang='grc' dir='ltr'><strong><em>περὶ</em></strong></span> <span class='ocrx_word' id='word_1_35' title='bbox 724 756 842 840; x_wconf 78' lang='grc' dir='ltr'><strong><em>μήδεα,</em></strong></span> <span class='ocrx_word' id='word_1_36' title='bbox 864 767 965 840; x_wconf 77' lang='grc' dir='ltr'><strong><em>φαῖνε</em></strong></span> <span class='ocrx_word' id='word_1_37' title='bbox 990 752 1029 821; x_wconf 79' lang='grc' dir='ltr'><strong><em>δέ</em></strong></span> <span class='ocrx_word' id='word_1_38' title='bbox 1052 759 1192 840; x_wconf 88' lang='grc' dir='ltr'><strong><em>μηροὺς</em></strong></span> 
     </span>
     <span class='ocr_line' id='line_1_7' title="bbox 225 858 1188 947; baseline -0.001 -19"><span class='ocrx_word' id='word_1_39' title='bbox 225 864 359 940; x_wconf 87' lang='grc' dir='ltr'><strong><em>Καλούς</em></strong></span> <span class='ocrx_word' id='word_1_40' title='bbox 380 885 415 927; x_wconf 91' lang='grc' dir='ltr'><strong><em>τε</em></strong></span> <span class='ocrx_word' id='word_1_41' title='bbox 437 863 601 947; x_wconf 78' lang='grc' dir='ltr'><strong><em>μεγάλους</em></strong></span> <span class='ocrx_word' id='word_1_42' title='bbox 621 885 666 926; x_wconf 91' lang='grc' dir='ltr'><strong><em>τε.</em></strong></span> <span class='ocrx_word' id='word_1_43' title='bbox 707 862 814 946; x_wconf 89' lang='grc' dir='ltr'><strong><em>φάνεν</em></strong></span> <span class='ocrx_word' id='word_1_44' title='bbox 837 861 878 928; x_wconf 91' lang='grc' dir='ltr'><strong><em>δέ</em></strong></span> <span class='ocrx_word' id='word_1_45' title='bbox 900 864 936 929; x_wconf 87' lang='grc' dir='ltr'><strong><em>οί</em></strong></span> <span class='ocrx_word' id='word_1_46' title='bbox 957 861 1069 946; x_wconf 81' lang='grc' dir='ltr'><strong><em>εὐρέες</em></strong></span> <span class='ocrx_word' id='word_1_47' title='bbox 1093 858 1188 946; x_wconf 81' lang='grc' dir='ltr'><strong><em>ὦμοι</em></strong></span> 
     </span>
     <span class='ocr_line' id='line_1_8' title="bbox 226 970 855 1055; baseline -0.002 -20"><span class='ocrx_word' id='word_1_48' title='bbox 226 970 362 1054; x_wconf 83' lang='grc' dir='ltr'><strong><em>Στήθεά</em></strong></span> <span class='ocrx_word' id='word_1_49' title='bbox 383 992 418 1034; x_wconf 90' lang='grc' dir='ltr'><strong><em>τε</em></strong></span> <span class='ocrx_word' id='word_1_50' title='bbox 442 972 595 1055; x_wconf 88' lang='grc' dir='ltr'><strong><em>στιβαροί</em></strong></span> <span class='ocrx_word' id='word_1_51' title='bbox 613 991 648 1033; x_wconf 87' lang='grc' dir='ltr'><strong><em>τε</em></strong></span> <span class='ocrx_word' id='word_1_52' title='bbox 672 971 855 1054; x_wconf 76' lang='grc' dir='ltr'><strong><em>βραχίονες.</em></strong></span> 
     </span>
     <span class='ocr_line' id='line_1_9' title="bbox 159 1089 1184 1179; baseline 0.001 -21"><span class='ocrx_word' id='word_1_53' title='bbox 159 1096 218 1159; x_wconf 89' lang='grc' dir='ltr'><strong><em>τὸν</em></strong></span> <span class='ocrx_word' id='word_1_54' title='bbox 241 1089 278 1158; x_wconf 73' lang='grc' dir='ltr'><strong><em>δὲ</em></strong></span> <span class='ocrx_word' id='word_1_55' title='bbox 296 1094 426 1178; x_wconf 82' lang='grc' dir='ltr'><strong><em>πτωχὸν</em></strong></span> <span class='ocrx_word' id='word_1_56' title='bbox 445 1090 554 1158; x_wconf 87' lang='grc' dir='ltr'><strong><em>ούκέτι</em></strong></span> <span class='ocrx_word' id='word_1_57' title='bbox 572 1095 780 1178; x_wconf 87' lang='grc' dir='ltr'><strong><em>βουλόμενον</em></strong></span> <span class='ocrx_word' id='word_1_58' title='bbox 798 1093 977 1179; x_wconf 77' lang='grc' dir='ltr'><strong><em>μάχεσθαι,</em></strong></span> <span class='ocrx_word' id='word_1_59' title='bbox 1001 1091 1074 1159; x_wconf 86' lang='grc' dir='ltr'><strong><em>ἀλλ’</em></strong></span> <span class='ocrx_word' id='word_1_60' title='bbox 1097 1092 1184 1159; x_wconf 88' lang='grc' dir='ltr'><strong><em>ἀπο-</em></strong></span> 
     </span>
     <span class='ocr_line' id='line_1_10' title="bbox 161 1199 766 1284; baseline 0.002 -20"><span class='ocrx_word' id='word_1_61' title='bbox 161 1201 334 1265; x_wconf 87' lang='grc' dir='ltr'><strong><em>δειλιῶντα</em></strong></span> <span class='ocrx_word' id='word_1_62' title='bbox 357 1199 499 1283; x_wconf 82' lang='grc' dir='ltr'><strong><em>εἰσάγον</em></strong></span> <span class='ocrx_word' id='word_1_63' title='bbox 522 1199 597 1265; x_wconf 85' lang='grc' dir='ltr'><strong><em>τάδε</em></strong></span> <span class='ocrx_word' id='word_1_64' title='bbox 622 1206 766 1284; x_wconf 85' lang='grc' dir='ltr'><strong><em>είρηκευ·</em></strong></span> 
     </span>
     <span class='ocr_line' id='line_1_11' title="bbox 120 1319 1052 1412; baseline 0.004 -25"><span class='ocrx_word' id='word_1_65' title='bbox 120 1346 147 1386; x_wconf 81' lang='grc' dir='ltr'><strong><em>ιο</em></strong></span> <span class='ocrx_word' id='word_1_66' title='bbox 222 1321 277 1401; x_wconf 81' lang='grc' dir='ltr'><strong><em>Ὡς</em></strong></span> <span class='ocrx_word' id='word_1_67' title='bbox 299 1322 341 1411; x_wconf 81' lang='grc' dir='ltr'><strong><em>ἀρ</em></strong></span> <span class='ocrx_word' id='word_1_68' title='bbox 364 1325 460 1409; x_wconf 82' lang='grc' dir='ltr'><strong><em>ἔφαν·</em></strong></span> <span class='ocrx_word' id='word_1_69' title='bbox 475 1322 553 1412; x_wconf 83' lang='grc' dir='ltr'><strong><em>Ἴρφ</em></strong></span> <span class='ocrx_word' id='word_1_70' title='bbox 577 1319 614 1388; x_wconf 78' lang='grc' dir='ltr'><strong><em>δέ</em></strong></span> <span class='ocrx_word' id='word_1_71' title='bbox 637 1335 746 1402; x_wconf 89' lang='grc' dir='ltr'><strong><em>κακῶς</em></strong></span> <span class='ocrx_word' id='word_1_72' title='bbox 769 1325 906 1409; x_wconf 80' lang='grc' dir='ltr'><strong><em>ὠρίνετο</em></strong></span> <span class='ocrx_word' id='word_1_73' title='bbox 928 1328 1052 1408; x_wconf 82' lang='grc' dir='ltr'><strong><em>θυμός·</em></strong></span> 
     </span>
     <span class='ocr_line' id='line_1_12' title="bbox 224 1428 1126 1518; baseline 0.002 -23"><span class='ocrx_word' id='word_1_74' title='bbox 224 1428 321 1496; x_wconf 87' lang='grc' dir='ltr'><strong><em>Ἀλλά</em></strong></span> <span class='ocrx_word' id='word_1_75' title='bbox 344 1428 398 1495; x_wconf 82' lang='grc' dir='ltr'><strong><em>καὶ</em></strong></span> <span class='ocrx_word' id='word_1_76' title='bbox 422 1429 466 1506; x_wconf 77' lang='grc' dir='ltr'><strong><em>ὣς</em></strong></span> <span class='ocrx_word' id='word_1_77' title='bbox 488 1440 672 1515; x_wconf 79' lang='grc' dir='ltr'><strong><em>μνηστῆρες</em></strong></span> <span class='ocrx_word' id='word_1_78' title='bbox 693 1432 777 1514; x_wconf 89' lang='grc' dir='ltr'><strong><em>ἀγον</em></strong></span> <span class='ocrx_word' id='word_1_79' title='bbox 802 1433 963 1510; x_wconf 80' lang='grc' dir='ltr'><strong><em>ζώσαντες</em></strong></span> <span class='ocrx_word' id='word_1_80' title='bbox 986 1428 1126 1518; x_wconf 83' lang='grc' dir='ltr'><strong><em>ἀνάγκη.</em></strong></span> 
     </span>
     <span class='ocr_line' id='line_1_13' title="bbox 160 1552 1235 1640; baseline -0.005 -17"><span class='ocrx_word' id='word_1_81' title='bbox 160 1566 259 1623; x_wconf 85' lang='grc' dir='ltr'><strong><em>τοῦτο</em></strong></span> <span class='ocrx_word' id='word_1_82' title='bbox 275 1556 316 1639; x_wconf 80' lang='grc' dir='ltr'><strong><em>δὴ</em></strong></span> <span class='ocrx_word' id='word_1_83' title='bbox 335 1556 371 1620; x_wconf 94' lang='grc' dir='ltr'><strong><em>τὸ</em></strong></span> <span class='ocrx_word' id='word_1_84' title='bbox 391 1557 469 1630; x_wconf 76' lang='grc' dir='ltr'><strong><em>ἔθος</em></strong></span> <span class='ocrx_word' id='word_1_85' title='bbox 487 1552 625 1639; x_wconf 79' lang='grc' dir='ltr'><strong><em>ἀρχαῖον</em></strong></span> <span class='ocrx_word' id='word_1_86' title='bbox 639 1553 676 1618; x_wconf 92' lang='grc' dir='ltr'><strong><em>ἐν</em></strong></span> <span class='ocrx_word' id='word_1_87' title='bbox 692 1553 930 1638; x_wconf 84' lang='grc' dir='ltr'><strong><em>τοίςἝλλησιν</em></strong></span> <span class='ocrx_word' id='word_1_88' title='bbox 945 1555 985 1620; x_wconf 84' lang='grc' dir='ltr'><strong><em>ὂν</em></strong></span> <span class='ocrx_word' id='word_1_89' title='bbox 1000 1556 1036 1621; x_wconf 78' lang='lat' dir='ltr'><strong><em>oc</em></strong></span> <span class='ocrx_word' id='word_1_90' title='bbox 1051 1555 1235 1640; x_wconf 69' lang='grc' dir='ltr'><strong><em>φυλάτ-Ῑεε</em></strong></span> 
     </span>
     <span class='ocr_line' id='line_1_14' title="bbox 161 1657 1182 1747; baseline -0.002 -19"><span class='ocrx_word' id='word_1_91' title='bbox 161 1685 273 1738; x_wconf 89' lang='grc' dir='ltr'><strong><em>τοντες</em></strong></span> <span class='ocrx_word' id='word_1_92' title='bbox 298 1658 392 1746; x_wconf 89' lang='grc' dir='ltr'><strong><em>μέχρι</em></strong></span> <span class='ocrx_word' id='word_1_93' title='bbox 418 1661 517 1725; x_wconf 84' lang='grc' dir='ltr'><strong><em>τοῦδε</em></strong></span> <span class='ocrx_word' id='word_1_94' title='bbox 539 1657 691 1743; x_wconf 83' lang='grc' dir='ltr'><strong><em>Ῥωμαῖοι</em></strong></span> <span class='ocrx_word' id='word_1_95' title='bbox 720 1661 819 1744; x_wconf 80' lang='grc' dir='ltr'><strong><em>δῆλοί</em></strong></span> <span class='ocrx_word' id='word_1_96' title='bbox 843 1663 930 1727; x_wconf 85' lang='grc' dir='ltr'><strong><em>είσιν</em></strong></span> <span class='ocrx_word' id='word_1_97' title='bbox 958 1662 1000 1728; x_wconf 86' lang='grc' dir='ltr'><strong><em>οὐ</em></strong></span> <span class='ocrx_word' id='word_1_98' title='bbox 1027 1678 1182 1747; x_wconf 88' lang='grc' dir='ltr'><strong><em>προσμα-</em></strong></span> 
     </span>
    </p>
   </div>
   <div class='ocr_carea' id='block_1_3' title="bbox 126 1761 1182 1964">
    <p class='ocr_par' dir='ltr' id='par_1_3' title="bbox 126 1761 1182 1964">
     <span class='ocr_line' id='line_1_15' title="bbox 161 1761 1181 1852; baseline 0 -19"><span class='ocrx_word' id='word_1_99' title='bbox 161 1771 280 1844; x_wconf 80' lang='grc' dir='ltr'><strong><em>θύντες</em></strong></span> <span class='ocrx_word' id='word_1_100' title='bbox 298 1761 374 1850; x_wconf 92' lang='grc' dir='ltr'><strong><em>παρ’</em></strong></span> <span class='ocrx_word' id='word_1_101' title='bbox 391 1764 485 1849; x_wconf 78' lang='grc' dir='ltr'><strong><em>ἡμῶν</em></strong></span> <span class='ocrx_word' id='word_1_102' title='bbox 503 1765 655 1850; x_wconf 80' lang='grc' dir='ltr'><strong><em>ὕστερον,</em></strong></span> <span class='ocrx_word' id='word_1_103' title='bbox 678 1763 750 1831; x_wconf 89' lang='grc' dir='ltr'><strong><em>ἀλλ’</em></strong></span> <span class='ocrx_word' id='word_1_104' title='bbox 774 1761 853 1832; x_wconf 79' lang='grc' dir='ltr'><strong><em>ούδέ</em></strong></span> <span class='ocrx_word' id='word_1_105' title='bbox 872 1765 1092 1852; x_wconf 72' lang='grc' dir='ltr'><strong><em>μεταθέμενοι</em></strong></span> <span class='ocrx_word' id='word_1_106' title='bbox 1112 1772 1181 1834; x_wconf 89' lang='grc' dir='ltr'><strong><em>σὺν</em></strong></span> 
     </span>
     <span class='ocr_line' id='line_1_16' title="bbox 126 1857 1182 1964; baseline 0.001 -25"><span class='ocrx_word' id='word_1_107' title='bbox 126 1857 271 1964; x_wconf 78' lang='grc' dir='ltr'><strong><em>5χρόνφ</em></strong></span> <span class='ocrx_word' id='word_1_108' title='bbox 293 1872 442 1958; x_wconf 76' lang='grc' dir='ltr'><strong><em>καθάπερ</em></strong></span> <span class='ocrx_word' id='word_1_109' title='bbox 460 1872 562 1957; x_wconf 77' lang='grc' dir='ltr'><strong><em>ἡμεῖς.</em></strong></span> <span class='ocrx_word' id='word_1_110' title='bbox 597 1872 810 1955; x_wconf 74' lang='grc' dir='ltr'><strong><em>ἠκολούθουν</em></strong></span> <span class='ocrx_word' id='word_1_111' title='bbox 830 1871 868 1938; x_wconf 76' lang='grc' dir='ltr'><strong><em>δέ</em></strong></span> <span class='ocrx_word' id='word_1_112' title='bbox 886 1885 955 1952; x_wconf 82' lang='grc' dir='ltr'><strong><em>τοῖς</em></strong></span> <span class='ocrx_word' id='word_1_113' title='bbox 977 1873 1182 1957; x_wconf 79' lang='grc' dir='ltr'><strong><em>ἀγωνισταῖς</em></strong></span> 
     </span>
    </p>
   </div>
   <div class='ocr_carea' id='block_1_4' title="bbox 123 1930 1181 2067">
    <p class='ocr_par' dir='ltr' id='par_1_4' title="bbox 123 1930 1181 2067">
     <span class='ocr_line' id='line_1_17' title="bbox 123 1930 1181 2067; baseline 0.001 -21"><span class='ocrx_word' id='word_1_114' title='bbox 123 1930 149 1970; x_wconf 59' lang='grc'><strong><em>15</em></strong></span> <span class='ocrx_word' id='word_1_115' title='bbox 163 1981 332 2066; x_wconf 81' lang='grc' dir='ltr'><strong><em>ὀρχηστῶν</em></strong></span> <span class='ocrx_word' id='word_1_116' title='bbox 355 1975 449 2062; x_wconf 86' lang='grc' dir='ltr'><strong><em>χοροὶ</em></strong></span> <span class='ocrx_word' id='word_1_117' title='bbox 471 1976 588 2044; x_wconf 84' lang='grc' dir='ltr'><strong><em>πολλοὶ</em></strong></span> <span class='ocrx_word' id='word_1_118' title='bbox 606 1987 699 2063; x_wconf 74' lang='grc' dir='ltr'><strong><em>τριχῇ</em></strong></span> <span class='ocrx_word' id='word_1_119' title='bbox 718 1977 947 2064; x_wconf 76' lang='grc' dir='ltr'><strong><em>νενεμημένοι,</em></strong></span> <span class='ocrx_word' id='word_1_120' title='bbox 970 1991 1095 2067; x_wconf 86' lang='grc' dir='ltr'><strong><em>πρῶτοι</em></strong></span> <span class='ocrx_word' id='word_1_121' title='bbox 1114 1979 1181 2067; x_wconf 76' lang='grc' dir='ltr'><strong><em>μὲν</em></strong></span> 
     </span>
    </p>
   </div>
   <div class='ocr_carea' id='block_1_5' title="bbox 43 2079 1240 3026">
    <p class='ocr_par' dir='ltr' id='par_1_5' title="bbox 43 2079 1179 2386">
     <span class='ocr_line' id='line_1_18' title="bbox 163 2079 1177 2174; baseline 0.001 -23"><span class='ocrx_word' id='word_1_122' title='bbox 163 2087 309 2174; x_wconf 91' lang='grc' dir='ltr'><strong><em>ἀνδρῶν,</em></strong></span> <span class='ocrx_word' id='word_1_123' title='bbox 337 2086 485 2170; x_wconf 77' lang='grc' dir='ltr'><strong><em>δεύτεροι</em></strong></span> <span class='ocrx_word' id='word_1_124' title='bbox 509 2079 539 2148; x_wconf 87' lang='grc' dir='ltr'><strong><em>δ’</em></strong></span> <span class='ocrx_word' id='word_1_125' title='bbox 566 2082 740 2169; x_wconf 82' lang='grc' dir='ltr'><strong><em>ἀγενείων,</em></strong></span> <span class='ocrx_word' id='word_1_126' title='bbox 766 2091 948 2153; x_wconf 74' lang='grc' dir='ltr'><strong><em>τελευταῖοι</em></strong></span> <span class='ocrx_word' id='word_1_127' title='bbox 971 2083 1009 2154; x_wconf 79' lang='grc' dir='ltr'><strong><em>δέ</em></strong></span> <span class='ocrx_word' id='word_1_128' title='bbox 1032 2089 1177 2172; x_wconf 83' lang='grc' dir='ltr'><strong><em>παίδων,</em></strong></span> 
     </span>
     <span class='ocr_line' id='line_1_19' title="bbox 43 2185 1179 2279; baseline 0.003 -21"><span class='ocrx_word' id='word_1_129' title='bbox 43 2215 61 2248; x_wconf 79' lang='lat'><strong><em>·›</em></strong></span> <span class='ocrx_word' id='word_1_130' title='bbox 163 2185 213 2272; x_wconf 81' lang='grc' dir='ltr'><strong><em>οἷς</em></strong></span> <span class='ocrx_word' id='word_1_131' title='bbox 240 2190 519 2278; x_wconf 71' lang='grc' dir='ltr'><strong><em>παρηκολούθουν</em></strong></span> <span class='ocrx_word' id='word_1_132' title='bbox 547 2191 688 2274; x_wconf 84' lang='grc' dir='ltr'><strong><em>αὐληταί</em></strong></span> <span class='ocrx_word' id='word_1_133' title='bbox 711 2187 739 2255; x_wconf 85' lang='grc' dir='ltr'><strong><em>τ’</em></strong></span> <span class='ocrx_word' id='word_1_134' title='bbox 767 2191 936 2278; x_wconf 70' lang='grc' dir='ltr'><strong><em>ἀρχαϊκοῖς</em></strong></span> <span class='ocrx_word' id='word_1_135' title='bbox 963 2191 1179 2279; x_wconf 80' lang='grc' dir='ltr'><strong><em>ἐμφυσῶντες</em></strong></span> 
     </span>
     <span class='ocr_line' id='line_1_20' title="bbox 163 2294 1179 2386; baseline 0 -20"><span class='ocrx_word' id='word_1_136' title='bbox 163 2299 333 2376; x_wconf 86' lang='grc' dir='ltr'><strong><em>αὐλίσκοις</em></strong></span> <span class='ocrx_word' id='word_1_137' title='bbox 360 2296 533 2384; x_wconf 85' lang='grc' dir='ltr'><strong><em>βραχέσιν,</em></strong></span> <span class='ocrx_word' id='word_1_138' title='bbox 560 2297 611 2374; x_wconf 81' lang='grc' dir='ltr'><strong><em>ὡς,</em></strong></span> <span class='ocrx_word' id='word_1_139' title='bbox 631 2294 686 2362; x_wconf 78' lang='grc' dir='ltr'><strong><em>καὶ</em></strong></span> <span class='ocrx_word' id='word_1_140' title='bbox 714 2298 760 2374; x_wconf 89' lang='grc' dir='ltr'><strong><em>είς</em></strong></span> <span class='ocrx_word' id='word_1_141' title='bbox 785 2299 861 2363; x_wconf 88' lang='grc' dir='ltr'><strong><em>τόδε</em></strong></span> <span class='ocrx_word' id='word_1_142' title='bbox 888 2302 1013 2386; x_wconf 88' lang='grc' dir='ltr'><strong><em>χρόνου</em></strong></span> <span class='ocrx_word' id='word_1_143' title='bbox 1036 2304 1179 2385; x_wconf 87' lang='grc' dir='ltr'><strong><em>γίνεται,</em></strong></span> 
     </span>
    </p>

    <p class='ocr_par' dir='ltr' id='par_1_6' title="bbox 122 2394 1240 2812">
     <span class='ocr_line' id='line_1_21' title="bbox 122 2394 1178 2493; baseline 0.008 -29"><span class='ocrx_word' id='word_1_144' title='bbox 122 2425 150 2464; x_wconf 80' lang='lat'><strong><em>20</em></strong></span> <span class='ocrx_word' id='word_1_145' title='bbox 163 2404 218 2471; x_wconf 82' lang='grc' dir='ltr'><strong><em>καὶ</em></strong></span> <span class='ocrx_word' id='word_1_146' title='bbox 240 2394 431 2493; x_wconf 75' lang='grc' dir='ltr'><strong><em>κιθαρισταὶ</em></strong></span> <span class='ocrx_word' id='word_1_147' title='bbox 453 2405 556 2488; x_wconf 89' lang='grc' dir='ltr'><strong><em>λύρας</em></strong></span> <span class='ocrx_word' id='word_1_148' title='bbox 579 2401 801 2489; x_wconf 82' lang='grc' dir='ltr'><strong><em>ἑπταχόρδους</em></strong></span> <span class='ocrx_word' id='word_1_149' title='bbox 823 2404 1039 2490; x_wconf 79' lang='grc' dir='ltr'><strong><em>ἐλεφαντίνας</em></strong></span> <span class='ocrx_word' id='word_1_150' title='bbox 1060 2405 1178 2472; x_wconf 81' lang='grc' dir='ltr'><strong><em>καὶτὰ</em></strong></span> 
     </span>
     <span class='ocr_line' id='line_1_22' title="bbox 162 2505 1240 2600; baseline 0.004 -25"><span class='ocrx_word' id='word_1_151' title='bbox 162 2514 350 2597; x_wconf 88' lang='grc' dir='ltr'><strong><em>καλούμενα</em></strong></span> <span class='ocrx_word' id='word_1_152' title='bbox 372 2513 512 2600; x_wconf 78' lang='grc' dir='ltr'><strong><em>βάρβιτα</em></strong></span> <span class='ocrx_word' id='word_1_153' title='bbox 534 2510 714 2596; x_wconf 85' lang='grc' dir='ltr'><strong><em>κρέκοντες.</em></strong></span> <span class='ocrx_word' id='word_1_154' title='bbox 760 2505 807 2577; x_wconf 82' lang='grc' dir='ltr'><strong><em>ὧν</em></strong></span> <span class='ocrx_word' id='word_1_155' title='bbox 829 2514 917 2598; x_wconf 76' lang='grc' dir='ltr'><strong><em>παρὰ</em></strong></span> <span class='ocrx_word' id='word_1_156' title='bbox 940 2509 1002 2597; x_wconf 76' lang='grc' dir='ltr'><strong><em>μὲν</em></strong></span> <span class='ocrx_word' id='word_1_157' title='bbox 1015 2511 1179 2599; x_wconf 83' lang='grc' dir='ltr'><strong><em>Ἕλλησιν</em></strong></span> <span class='ocrx_word' id='word_1_158' title='bbox 1239 2537 1240 2600; x_wconf 61' lang='lat' dir='ltr'>J</span> 
     </span>
     <span class='ocr_line' id='line_1_23' title="bbox 163 2614 1179 2706; baseline 0.008 -28"><span class='ocrx_word' id='word_1_159' title='bbox 163 2615 353 2686; x_wconf 78' lang='grc' dir='ltr'><strong><em>ἐκλέλοιπεν</em></strong></span> <span class='ocrx_word' id='word_1_160' title='bbox 375 2620 396 2704; x_wconf 80' lang='grc' dir='ltr'><strong><em>η</em></strong></span> <span class='ocrx_word' id='word_1_161' title='bbox 419 2627 534 2705; x_wconf 79' lang='grc' dir='ltr'><strong><em>χρῆσις</em></strong></span> <span class='ocrx_word' id='word_1_162' title='bbox 556 2615 605 2684; x_wconf 83' lang='grc' dir='ltr'><strong><em>ἐπ’</em></strong></span> <span class='ocrx_word' id='word_1_163' title='bbox 633 2617 715 2702; x_wconf 87' lang='grc' dir='ltr'><strong><em>ἐμοῦ</em></strong></span> <span class='ocrx_word' id='word_1_164' title='bbox 737 2618 874 2705; x_wconf 90' lang='grc' dir='ltr'><strong><em>πάτριος</em></strong></span> <span class='ocrx_word' id='word_1_165' title='bbox 901 2614 998 2685; x_wconf 83' lang='grc' dir='ltr'><strong><em>οὖσα·</em></strong></span> <span class='ocrx_word' id='word_1_166' title='bbox 1026 2621 1116 2706; x_wconf 77' lang='grc' dir='ltr'><strong><em>παρὰ</em></strong></span> <span class='ocrx_word' id='word_1_167' title='bbox 1140 2617 1179 2686; x_wconf 75' lang='grc' dir='ltr'><strong><em>δὲ</em></strong></span> 
     </span>
     <span class='ocr_line' id='line_1_24' title="bbox 157 2712 1178 2812; baseline 0.006 -27"><span class='ocrx_word' id='word_1_168' title='bbox 157 2712 331 2806; x_wconf 85' lang='grc' dir='ltr'><strong><em>Ῥωμαίοις</em></strong></span> <span class='ocrx_word' id='word_1_169' title='bbox 354 2725 390 2791; x_wconf 90' lang='grc' dir='ltr'><strong><em>ἐν</em></strong></span> <span class='ocrx_word' id='word_1_170' title='bbox 414 2725 554 2800; x_wconf 87' lang='grc' dir='ltr'><strong><em>ἀπάσαις</em></strong></span> <span class='ocrx_word' id='word_1_171' title='bbox 571 2725 768 2809; x_wconf 85' lang='grc' dir='ltr'><strong><em>φυλάττεται</em></strong></span> <span class='ocrx_word' id='word_1_172' title='bbox 785 2735 856 2802; x_wconf 80' lang='grc' dir='ltr'><strong><em>ταῖς</em></strong></span> <span class='ocrx_word' id='word_1_173' title='bbox 874 2724 1024 2812; x_wconf 89' lang='grc' dir='ltr'><strong><em>ἀρχαίαις</em></strong></span> <span class='ocrx_word' id='word_1_174' title='bbox 1045 2732 1178 2808; x_wconf 69' lang='grc' dir='ltr'><strong><em>θυηπο-</em></strong></span> 
     </span>
    </p>

    <p class='ocr_par' dir='ltr' id='par_1_7' title="bbox 123 2819 1178 2917">
     <span class='ocr_line' id='line_1_25' title="bbox 123 2819 1178 2917; baseline 0.015 -36"><span class='ocrx_word' id='word_1_175' title='bbox 123 2819 146 2881; x_wconf 92' lang='grc'>6</span> <span class='ocrx_word' id='word_1_176' title='bbox 162 2825 261 2905; x_wconf 88' lang='grc' dir='ltr'><strong><em>λίαις.</em></strong></span> <span class='ocrx_word' id='word_1_177' title='bbox 303 2828 416 2897; x_wconf 84' lang='grc' dir='ltr'><strong><em>σκευαὶ</em></strong></span> <span class='ocrx_word' id='word_1_178' title='bbox 436 2827 472 2895; x_wconf 81' lang='grc' dir='ltr'><strong><em>δέ</em></strong></span> <span class='ocrx_word' id='word_1_179' title='bbox 486 2839 552 2895; x_wconf 90' lang='grc' dir='ltr'><strong><em>τῶν</em></strong></span> <span class='ocrx_word' id='word_1_180' title='bbox 571 2829 741 2916; x_wconf 84' lang='grc' dir='ltr'><strong><em>ὀρχηστῶν</em></strong></span> <span class='ocrx_word' id='word_1_181' title='bbox 753 2827 838 2914; x_wconf 76' lang='grc' dir='ltr'><strong><em>ἦσαν</em></strong></span> <span class='ocrx_word' id='word_1_182' title='bbox 856 2844 992 2917; x_wconf 88' lang='grc' dir='ltr'><strong><em>χιτῶνες</em></strong></span> <span class='ocrx_word' id='word_1_183' title='bbox 1009 2837 1178 2917; x_wconf 90' lang='grc' dir='ltr'><strong><em>φοινίκεοι</em></strong></span> 
     </span>
    </p>

    <p class='ocr_par' dir='ltr' id='par_1_8' title="bbox 109 2915 1239 3026">
     <span class='ocr_line' id='line_1_26' title="bbox 109 2915 1239 3026; baseline 0.004 -25"><span class='ocrx_word' id='word_1_184' title='bbox 109 2936 142 2976; x_wconf 76' lang='lat'><strong><em>²⁵</em></strong></span> <span class='ocrx_word' id='word_1_185' title='bbox 161 2927 325 3024; x_wconf 73' lang='grc' dir='ltr'><strong><em>ζωστῆρσι</em></strong></span> <span class='ocrx_word' id='word_1_186' title='bbox 347 2935 498 3025; x_wconf 83' lang='grc' dir='ltr'><strong><em>χαλκέοις</em></strong></span> <span class='ocrx_word' id='word_1_187' title='bbox 521 2935 727 3021; x_wconf 86' lang='grc' dir='ltr'><strong><em>ἐσφιγμένοι,</em></strong></span> <span class='ocrx_word' id='word_1_188' title='bbox 750 2936 805 3003; x_wconf 81' lang='grc' dir='ltr'><strong><em>καὶ</em></strong></span> <span class='ocrx_word' id='word_1_189' title='bbox 830 2937 905 3025; x_wconf 80' lang='grc' dir='ltr'><strong><em>ξίφη</em></strong></span> <span class='ocrx_word' id='word_1_190' title='bbox 929 2938 1178 3026; x_wconf 85' lang='grc' dir='ltr'><strong><em>παρηρτημένα,</em></strong></span> <span class='ocrx_word' id='word_1_191' title='bbox 1238 2915 1239 2944; x_wconf 37' lang='lat'>¹</span> 
     </span>
    </p>
   </div>
   <div class='ocr_carea' id='block_1_6' title="bbox 235 3108 1175 3186">
    <p class='ocr_par' dir='ltr' id='par_1_9' title="bbox 235 3108 1175 3186">
     <span class='ocr_line' id='line_1_27' title="bbox 235 3108 1175 3186; baseline 0 -16"><span class='ocrx_word' id='word_1_192' title='bbox 235 3113 252 3162; x_wconf 82' lang='lat'><strong>5</strong></span> <span class='ocrx_word' id='word_1_193' title='bbox 273 3109 374 3186; x_wconf 75' lang='grc' dir='ltr'><strong><em>ὄακεσι</em></strong></span> <span class='ocrx_word' id='word_1_194' title='bbox 392 3116 413 3170; x_wconf 91' lang='grc' dir='ltr'>Β</span> <span class='ocrx_word' id='word_1_195' title='bbox 486 3122 502 3170; x_wconf 87' lang='grc'><strong>6</strong></span> <span class='ocrx_word' id='word_1_196' title='bbox 521 3108 612 3186; x_wconf 79' lang='grc' dir='ltr'><strong><em>ὦμοι.</em></strong></span> <span class='ocrx_word' id='word_1_197' title='bbox 631 3114 654 3168; x_wconf 94' lang='grc' dir='ltr'>Β</span> <span class='ocrx_word' id='word_1_198' title='bbox 727 3122 760 3170; x_wconf 78' lang='lat'><strong><em>12</em></strong></span> <span class='ocrx_word' id='word_1_199' title='bbox 779 3112 809 3170; x_wconf 82' lang='grc' dir='ltr'><strong><em>ολ</em></strong></span> <span class='ocrx_word' id='word_1_200' title='bbox 825 3113 1011 3183; x_wconf 85' lang='grc' dir='ltr'><strong><em>φυλάττοντες</em></strong></span> <span class='ocrx_word' id='word_1_201' title='bbox 1029 3114 1052 3169; x_wconf 91' lang='grc' dir='ltr'>Ο</span> <span class='ocrx_word' id='word_1_202' title='bbox 1071 3113 1102 3169; x_wconf 80' lang='grc' dir='ltr'><strong><em>ολ</em></strong></span> <span class='ocrx_word' id='word_1_203' title='bbox 1118 3116 1175 3171; x_wconf 86' lang='lat' dir='ltr'>del.</span> 
     </span>
    </p>
   </div>
   <div class='ocr_carea' id='block_1_7' title="bbox 154 3189 1176 3294">
    <p class='ocr_par' dir='ltr' id='par_1_10' title="bbox 154 3189 1176 3294">
     <span class='ocr_line' id='line_1_28' title="bbox 154 3189 1176 3294; baseline 0.005 -23"><span class='ocrx_word' id='word_1_204' title='bbox 154 3195 287 3291; x_wconf 68' lang='lat' dir='ltr'>Sylburg</span> <span class='ocrx_word' id='word_1_205' title='bbox 301 3222 535 3294; x_wconf 83' lang='grc' dir='ltr'><strong><em>διαφυλάττοντες</em></strong></span> <span class='ocrx_word' id='word_1_206' title='bbox 549 3240 572 3276; x_wconf 89' lang='grc' dir='ltr'><strong><em>ο.</em></strong></span> <span class='ocrx_word' id='word_1_207' title='bbox 590 3222 713 3276; x_wconf 73' lang='lat' dir='ltr'>Sintenis</span> <span class='ocrx_word' id='word_1_208' title='bbox 727 3223 787 3276; x_wconf 87' lang='lat' dir='ltr'><strong><em>Em.</em></strong></span> <span class='ocrx_word' id='word_1_209' title='bbox 801 3221 882 3276; x_wconf 81' lang='lat' dir='ltr'><strong>Dion,</strong></span> <span class='ocrx_word' id='word_1_210' title='bbox 896 3221 910 3274; x_wconf 87' lang='lat'>1</span> <span class='ocrx_word' id='word_1_211' title='bbox 923 3240 950 3292; x_wconf 89' lang='lat' dir='ltr'><strong><em>p.</em></strong></span> <span class='ocrx_word' id='word_1_212' title='bbox 967 3227 999 3276; x_wconf 85' lang='lat'><strong><em>15</em></strong></span> <span class='ocrx_word' id='word_1_213' title='bbox 1057 3228 1089 3275; x_wconf 83' lang='lat'><strong><em>14</em></strong></span> <span class='ocrx_word' id='word_1_214' title='bbox 1103 3189 1176 3276; x_wconf 58' lang='grc' dir='ltr'><strong><em>οὐδε</em></strong></span> 
     </span>
    </p>
   </div>
   <div class='ocr_carea' id='block_1_8' title="bbox 152 3265 1177 3486">
    <p class='ocr_par' dir='ltr' id='par_1_11' title="bbox 152 3265 1177 3486">
     <span class='ocr_line' id='line_1_29' title="bbox 152 3265 1174 3391; baseline 0.002 -46"><span class='ocrx_word' id='word_1_215' title='bbox 152 3265 180 3391; x_wconf 59' lang='grc' dir='ltr'>ἓ</span> <span class='ocrx_word' id='word_1_216' title='bbox 242 3295 277 3346; x_wconf 88' lang='grc'><strong><em>16</em></strong></span> <span class='ocrx_word' id='word_1_217' title='bbox 296 3294 377 3350; x_wconf 83' lang='grc' dir='ltr'><strong><em>πολολ</em></strong></span> <span class='ocrx_word' id='word_1_218' title='bbox 394 3294 420 3346; x_wconf 88' lang='grc' dir='ltr'><strong>Α</strong></span> <span class='ocrx_word' id='word_1_219' title='bbox 437 3294 535 3348; x_wconf 77' lang='grc' dir='ltr'><strong><em>πολλοὶ</em></strong></span> <span class='ocrx_word' id='word_1_220' title='bbox 553 3294 575 3346; x_wconf 93' lang='grc' dir='ltr'><strong>Β</strong></span> <span class='ocrx_word' id='word_1_221' title='bbox 593 3310 647 3348; x_wconf 85' lang='lat' dir='ltr'><strong><em>om.</em></strong></span> <span class='ocrx_word' id='word_1_222' title='bbox 666 3292 692 3346; x_wconf 78' lang='lat' dir='ltr'>R</span> <span class='ocrx_word' id='word_1_223' title='bbox 751 3299 783 3348; x_wconf 91' lang='lat'><strong><em>18</em></strong></span> <span class='ocrx_word' id='word_1_224' title='bbox 801 3311 830 3346; x_wconf 85' lang='grc' dir='ltr'><strong><em>τε</em></strong></span> <span class='ocrx_word' id='word_1_225' title='bbox 849 3292 913 3347; x_wconf 80' lang='grc' dir='ltr'><strong><em>εδδ.</em></strong></span> <span class='ocrx_word' id='word_1_226' title='bbox 933 3294 954 3345; x_wconf 92' lang='grc' dir='ltr'>Β</span> <span class='ocrx_word' id='word_1_227' title='bbox 971 3295 975 3361; x_wconf 89' lang='grc'>1</span> <span class='ocrx_word' id='word_1_228' title='bbox 991 3293 1132 3362; x_wconf 85' lang='grc' dir='ltr'><strong><em>ἀρχαικῶς</em></strong></span> <span class='ocrx_word' id='word_1_229' title='bbox 1150 3309 1174 3348; x_wconf 83' lang='lat' dir='ltr'><strong><em>c.</em></strong></span> 
     </span>
     <span class='ocr_line' id='line_1_30' title="bbox 180 3347 1177 3486; baseline 0 -70"><span class='ocrx_word' id='word_1_230' title='bbox 180 3347 255 3410; x_wconf 65' lang='lat' dir='ltr'>⁰bet</span> <span class='ocrx_word' id='word_1_231' title='bbox 274 3363 339 3421; x_wconf 83' lang='lat' dir='ltr'><strong>Obs.</strong></span> <span class='ocrx_word' id='word_1_232' title='bbox 360 3384 386 3434; x_wconf 88' lang='lat' dir='ltr'><strong><em>p.</em></strong></span> <span class='ocrx_word' id='word_1_233' title='bbox 402 3370 451 3418; x_wconf 81' lang='lat'><strong><em>151</em></strong></span> <span class='ocrx_word' id='word_1_234' title='bbox 525 3370 560 3418; x_wconf 79' lang='lat'><strong><em>20</em></strong></span> <span class='ocrx_word' id='word_1_235' title='bbox 579 3363 628 3418; x_wconf 80' lang='grc' dir='ltr'><strong><em>καὶ</em></strong></span> <span class='ocrx_word' id='word_1_236' title='bbox 646 3364 701 3418; x_wconf 86' lang='lat' dir='ltr'><strong>del.</strong></span> <span class='ocrx_word' id='word_1_237' title='bbox 715 3363 858 3430; x_wconf 73' lang='lat' dir='ltr'>Kiesnling</span> <span class='ocrx_word' id='word_1_238' title='bbox 929 3367 964 3416; x_wconf 76' lang='lat'><strong><em>24</em></strong></span> <span class='ocrx_word' id='word_1_239' title='bbox 977 3362 1177 3486; x_wconf 47' lang='lat' dir='ltr'><strong><em>motvtngspot</em></strong></span> 
     </span>
    </p>
   </div>
   <div class='ocr_carea' id='block_1_9' title="bbox 150 3403 1125 3506">
    <p class='ocr_par' dir='ltr' id='par_1_12' title="bbox 150 3403 1125 3506">
     <span class='ocr_line' id='line_1_31' title="bbox 150 3403 1125 3506; baseline 0.009 -27"><span class='ocrx_word' id='word_1_240' title='bbox 150 3403 181 3460; x_wconf 81' lang='grc' dir='ltr'>Β</span> <span class='ocrx_word' id='word_1_241' title='bbox 203 3439 352 3489; x_wconf 60' lang='lat' dir='ltr'><strong><em>vomunt?</em></strong></span> <span class='ocrx_word' id='word_1_242' title='bbox 424 3440 458 3488; x_wconf 77' lang='lat'><strong><em>25</em></strong></span> <span class='ocrx_word' id='word_1_243' title='bbox 477 3438 604 3503; x_wconf 76' lang='grc' dir='ltr'><strong><em>χαλκοίςλ</em></strong></span> <span class='ocrx_word' id='word_1_244' title='bbox 634 3440 638 3506; x_wconf 82' lang='grc' dir='ltr'>Ι</span> <span class='ocrx_word' id='word_1_245' title='bbox 667 3431 872 3506; x_wconf 81' lang='grc' dir='ltr'><strong><em>περιηρτημένα</em></strong></span> <span class='ocrx_word' id='word_1_246' title='bbox 891 3431 914 3486; x_wconf 93' lang='grc' dir='ltr'>Ο</span> <span class='ocrx_word' id='word_1_247' title='bbox 933 3449 1001 3486; x_wconf 74' lang='lat' dir='ltr'><strong>corr.</strong></span> <span class='ocrx_word' id='word_1_248' title='bbox 1021 3433 1071 3487; x_wconf 73' lang='lat' dir='ltr'><strong><em>Rei</em></strong></span> <span class='ocrx_word' id='word_1_249' title='bbox 1109 3450 1125 3488; x_wconf 81' lang='grc' dir='ltr'>θ</span> 
     </span>
    </p>
   </div>
   <div class='ocr_carea' id='block_1_10' title="bbox 0 0 1246 3876">
    <p class='ocr_par' dir='ltr' id='par_1_13' title="bbox 0 0 1246 3876">
     <span class='ocr_line' id='line_1_32' title="bbox 0 0 1246 3876; baseline 0 0"><span class='ocrx_word' id='word_1_250' title='bbox 0 0 1246 3876; x_wconf 95' lang='lat' dir='ltr'><strong><em> </em></strong></span> 
     </span>
    </p>
   </div>
  </div>
 </body>
</html>
