2508 3882
426 209 663 265 '-H-
1023 213 1088 278 195

69 372 108 454 ἣν
135 371 200 455 ἐγὼ
229 370 337 458 νέμω,
364 371 420 438 καλ
449 367 561 456 οἷκον,
584 372 625 439 ὑυ
647 372 711 458 ἐγὼ
735 373 909 460 κέκτημαι,
936 375 1032 460 τιμάς
1054 399 1088 444 τε

71 486 280 564 καρποῦσθαι
301 480 360 557 τὰς
384 479 479 564 ε’μάς,
506 477 562 545 καὶ
591 478 690 564 δόξης
713 480 896 547 ἀπολαύειν
919 489 976 564 τῆς
999 479 1090 566 ἐμῇς,

70 587 141 661 τοὺς
163 585 288 661 αὐτοὺς
309 583 502 668 ἡγουμένην
525 588 646 669 φίλους
671 607 706 650 τε
730 583 786 650 καὶ
808 589 987 670 πολεμίους
1010 587 1089 652 οὑσ-

70 712 124 776 περ
154 689 233 774 ἐγώ·
270 689 464 756 ἀποθέσθαι
493 686 523 756 τ’
557 692 621 775 ἤδη
657 694 695 757 τὸ
724 690 867 776 πένθος,
900 691 918 758 ὑ
948 693 1004 757 διὰ
1032 694 1089 770 τὰς

72 797 142 882 ἐμάς
164 795 362 881 ὑπέμεινας,
385 791 411 862 ὦ
435 798 637 882 ταλαίπωρε,
659 798 784 882 φυγάς,
814 795 870 863 καὶ
889 798 1087 884 παύσασθαι
1114 821 1127 862 5

69 900 317 990 τιμωρουμένην
336 926 376 986 με
400 911 447 990 τῷ
467 904 607 988 σχήματι
626 903 740 992 τούτῳ.
788 901 862 988 έμολ
884 904 1005 989 γάρτό
1024 900 1121 988 μλνὺ

69 1010 157 1093 άλλα,
181 1005 207 1076 ὦ
232 1018 346 1095 μῆτερ,
375 1007 488 1092 ἀγαθά
510 1013 683 1092 κρείττονα
707 1008 851 1075 ἐλπίδων
874 1008 929 1074 καὶ
951 1012 1085 1094 μείζονα

17 1115 160 1200 ιοιιεύχῆς
186 1115 277 1200 παρὰ
304 1121 398 1180 θεῶν
426 1113 538 1182 τεκαὶ
562 1113 976 1201 άνθράπωνάπηντηται,
1003 1113 1024 1198 ἡ
1047 1111 1086 1180 δέ

66 1217 135 1305 περὶ
163 1229 228 1286 σοῦ
255 1224 410 1307 φροντίς,
443 1215 466 1308 ᾗ
494 1223 552 1298 τὰς
579 1225 810 1308 γηροβοσκοὺς
839 1223 901 1288 οὑκ
930 1220 1085 1288 ἀπέδωκα

65 1327 206 1412 χάριτας,
231 1326 422 1412 ἐντετηκυῖα
445 1338 515 1405 τοῖς
538 1328 739 1414 σπλάγχνοις
762 1331 882 1414 πικρὸν
906 1328 1009 1394 ἐποίει
1029 1325 1084 1396 καλ
1100 1351 1126 1392 ιο

66 1432 227 1518 ἀνόνητον
251 1432 408 1500 ἁπάντων
435 1444 503 1500 τῶν
525 1433 665 1516 ἀγαθῶν
687 1436 746 1499 τὸν
770 1436 856 1518 βίον.
902 1436 933 1498 εί
959 1430 996 1499 σὲ
1020 1437 1083 1500 σὺν

65 1538 133 1622 ἐμοὶ
161 1539 271 1618 τάξεις
298 1541 442 1624 σεαυτὴν
469 1537 525 1605 καὶ
551 1550 619 1606 τῶν
647 1539 737 1625 ε’μῶν
763 1549 939 1606 κοινωνεῖν
967 1537 1082 1622 έθελη·

66 1663 127 1723 σεις
146 1646 318 1732 ἁπάντων,
337 1647 482 1724 ούθενδς
501 1647 548 1712 ἔτι
567 1670 624 1731 μοι
643 1648 755 1730 δεήσει
774 1656 840 1711 τῶν
856 1643 1081 1731 ἀνθρωπίνων

64 1751 209 1836 ἀγαθῶν.

123 1857 344 1926 XXXXVIII.
381 1856 607 1942 Παυσαμένου
630 1856 661 1923 δ’
684 1857 787 1924 αὐτοῦ
810 1858 928 1943 μικρὸν
950 1855 971 1940 ἡ
992 1856 1118 1922 obe-1⁶

63 1968 175 2051 τονρία
204 1965 386 2052 ἐπισχοῦσα
413 1967 554 2051 χρόνον,
585 1963 647 2040 ἕως
674 1963 692 2028 ὁ
721 1973 786 2028 τῶν
815 1967 1080 2049 περιεστηκότων

66 2073 195 2150 ἔπαινος
228 2071 393 2137 ἐπαύσατο
428 2069 532 2146 πολύς
563 2092 598 2134 τε
625 2066 680 2134 καὶ
709 2066 805 2154 μέχρι
832 2071 958 2134 πολλοῦ
986 2072 1081 2151 γενό-

65 2201 175 2261 μενος,
203 2176 293 2261 λέγει
315 2179 399 2263 πρὸς
426 2176 542 2241 αύτόν·
571 2171 658 2240 Ἀλλ’
686 2171 792 2257 έγιογέ
816 2190 869 2258 σε,
896 2168 922 2236 ὦ
945 2174 1079 2258 Μάρκιε

65 2282 190 2367 τέκνον,
215 2284 291 2348 ούτε
313 2284 483 2368 προδότην
503 2281 726 2348 Οὐολούσκων
751 2277 910 2363 γενέσθαι
932 2276 1022 2360 άξιῶ,
1048 2279 1084 2344 οί

66 2407 98 2454 σε
120 2390 290 2474 φεύγοντα
313 2387 555 2473 ὑποδεξάμενοι
577 2396 647 2463 τοϊς
665 2384 692 2451 τ’
715 2387 828 2461 ύλλοις
849 2383 1006 2470 ἐτίμησαν
1024 2381 1079 2450 καὶ
1094 2404 1120 2443 ιο

66 2497 123 2580 την
143 2493 273 2562 ἑαυτῶν
290 2494 473 2580 ἡγεμονίαν
492 2493 700 2577 ἐπίστευσαν,
724 2492 800 2557 ούτε
819 2490 907 2577 παρά
925 2491 983 2566 τάς
1002 2490 1081 2574 δμο-

66 2605 177 2686 λογίας
203 2599 260 2667 καλ
287 2604 366 2678 τοὺς
394 2601 529 2687 ὅρκους,
557 2599 616 2676 οὑς
639 2600 766 2674 ἔδωκας
789 2597 915 2681 αὐτοῖς,
942 2596 995 2662 ὅτε
1023 2596 1081 2673 τάς

68 2709 223 2794 δυνάμεις
245 2707 506 2794 παρελάμβανες,
529 2707 611 2770 άνευ
636 2713 750 2788 κοινῆς
772 2705 905 2788 γνώμης
930 2704 999 2791 ίδίρι
1023 2727 1081 2770 κα·

69 2817 276 2882 ταλύσασθαι
293 2816 356 2897 την
376 2815 503 2900 ἔχθραν
521 2813 699 2900 βούλομαι·
724 2805 801 2894 μηδ’
823 2810 993 2896 ὑπολάβης
1018 2811 1080 2894 τὴν

69 2930 206 2989 σεαυτοῦ
230 2918 355 3007 μητέρα
381 2920 544 3004 τοσαύτης
570 2917 823 3000 ἀναπεπλῆσθαι
849 2919 1080 3001 θεοβλαβείας,
1094 2935 1119 2975 2⁵

11 3029 148 3094 ιοιιῶστε
175 3031 235 3094 τὸν
263 3027 434 3111 ἀγαπητὸν
461 3023 516 3091 καὶ
545 3027 651 3110 μόνον
678 3024 755 3090 υίὸν
783 3026 829 3100 είς
858 3024 999 3110 αίσχρδς
1025 3021 1081 3089 καὶ

69 3133 222 3212 ἀνοσίους
244 3133 378 3221 πράξεις
400 3136 612 3219 παρακαλεῖν.
658 3128 742 3195 άλλδ
765 3130 846 3214 μετὰ
864 3139 977 3215 κοινῆς
994 3130 1115 3215 ymb-2

141 3332 154 3379 1
173 3330 238 3396 pont
257 3323 336 3381 οἷκον
356 3325 493 3379 excidisse
513 3326 669 3393 κεκτῆσθαι
687 3340 709 3378 c.
725 3322 829 3376 Reiske
902 3327 917 3374 3
936 3322 1036 3390 φίλους
1049 3342 1079 3377 τε

71 3397 118 3450 καί
139 3404 277 3467 συγγενεῖς
294 3396 343 3451 κοιλ
362 3395 385 3450 Ο
404 3398 517 3466 praeter
536 3395 558 3448 Β
631 3402 647 3450 6
666 3400 704 3467 τῷ
723 3394 788 3449 add.
807 3393 829 3446 Β
910 3399 941 3446 10
959 3399 1041 3447 ποιεί
1055 3411 1078 3451 ο.

71 3466 199 3522 Gelenius
273 3476 307 3523 23
326 3468 535 3522 καταλύσεσθαι
553 3467 575 3520 Β
648 3470 683 3520 24
702 3464 738 3534 μὴ
758 3463 793 3534 δὴ
812 3460 955 3535 ὑπολάβης
972 3463 998 3518 Α

868 3551 919 3605 13*
