2496 3878
502 201 665 252 -z-
1045 201 1087 268 ετ

76 363 184 446 πολλῷ
213 357 367 426 ἐλάττων.
413 361 450 428 οί
473 363 536 448 γάρ
561 359 725 428 Ἀντιάται
753 367 917 448 μαθόντες
940 363 1089 451 ἐξεστρα-

74 463 252 550 τευμένους
269 465 435 551 πανδημεί
448 463 627 553 Ἡομαίους
644 464 725 534 οὐδὲ
741 471 802 535 τόν
820 469 993 557 ἐλάχιστον
1011 471 1088 538 άντ-

74 570 170 658 έσχον
206 575 350 659 χρόνον,
393 573 546 657 δεόμενοι
583 571 621 640 δὲ
654 571 710 640 καλ
741 571 957 663 λιπαροῦντες
986 578 1027 643 τά
1053 601 1088 644 τε

73 680 207 762 σώματα
238 687 307 744 τῶν
338 677 489 744 ἁλόντων
521 683 734 747 Σικελιωτῶν
765 681 933 750 ἀπέδοσαν
964 685 1019 750 καί
1050 685 1090 750 τὰ

19 786 234 869 ιενσχρηματα,
254 780 331 849 ὥστ’
349 785 611 870 ἠναγκάσθησαν
631 787 666 853 ολ
676 784 828 873 Ῥωμαῖοι
846 792 894 867 είς
911 791 972 875 την
990 793 1089 858 πόλιν
1116 815 1129 857 ε

71 888 286 975 ἀναστρέψαι.

134 995 323 1062 XXXVIII
347 1001 577 1084 Διαλυδείσης
599 995 637 1065 δὲ
659 1009 717 1086 τῆς
737 1009 890 1088 στρατιᾶς
912 1001 930 1068 ό
949 997 1011 1086 μέν
1031 1005 1091 1067 Σι-

69 1107 199 1180 κίννιος
214 1104 232 1170 ὁ
250 1105 418 1191 δήμαρχος
436 1107 635 1190 συναγαγὼν
652 1107 690 1173 τὸ
708 1113 837 1192 πλῆθος
854 1110 902 1185 είς
915 1107 1091 1192 ἐκκλησίαν

69 1221 231 1294 προεῖπεν
256 1206 394 1297 ἡμέραν,
418 1209 455 1276 έν
477 1204 498 1298 ᾗ
522 1217 693 1278 συντελεῖν
715 1215 829 1297 ἔμελλε
851 1214 914 1298 τὴν
930 1212 1006 1301 περὶ
1029 1225 1090 1282 τοῦ
1163 1229 1187 1265 V

67 1318 231 1402 Μαρκίου
262 1317 388 1402 κρίσιν·
420 1313 476 1381 καλ
505 1318 681 1402 παρεκάλει
709 1319 788 1396 τούς
816 1342 851 1384 τε
880 1321 962 1386 κατὰ
990 1322 1090 1388 πόλιν
1103 1349 1130 1390 ιο

65 1422 284 1508 ὑπάρχοντας
312 1419 461 1506 άδρόους
482 1421 575 1505 ἥκειν
598 1420 651 1488 έπλ
673 1424 735 1507 τὴν
758 1425 940 1508 διάγνωσιν
962 1435 1019 1510 της
1042 1429 1092 1492 δί-

66 1554 125 1614 κης
152 1527 215 1594 καλ
244 1531 323 1606 τοὺς
350 1525 492 1594 ἐπὶτῶν
515 1528 629 1614 ἀγρῶν
652 1531 882 1616 διατρίβοντας
903 1528 1091 1616 ἀφεμένους

64 1647 133 1700 τῶν
161 1638 279 1721 ἔργων
305 1637 353 1711 είς
379 1635 441 1717 τὴν
468 1634 572 1718 αὐτὴν
599 1634 726 1721 ἡμέραν
748 1634 914 1722 ἀπαντᾶν,
941 1637 985 1714 ὡς
1006 1633 1090 1725 ὑπὲρ

65 1742 269 1828 ἐλευθερίας
295 1738 350 1806 καὶ
378 1743 541 1826 σωτηρίας
566 1740 645 1824 ὅλης
667 1750 724 1825 τῆς
745 1744 871 1820 πόλεως
892 1745 954 1828 τὴν
977 1754 1092 1830 ψῆφον

63 1845 362 1932 ἀναληψομένους·
381 1849 587 1932 παρήγγελλε
602 1843 640 1912 δδ
653 1845 709 1912 καὶ
721 1857 766 1936 τῷ
781 1853 924 1938 Μαρκίῳ
937 1863 1091 1936 παρεῖναι
1105 1877 1132 1918 ιι

63 1957 147 2040 πρὸς
175 1955 244 2038 τὴν
275 1952 457 2037 ἀπολογίαν
480 1953 525 2030 ὡς
547 1952 685 2031 οὐδενὸς
706 1952 905 2040 ἀτυχήσοντι
927 1967 994 2021 τῶν
1016 1955 1092 2040 περὶ

62 2062 122 2137 τάς
148 2064 285 2145 κρίσεις
312 2063 472 2145 νομίμων.
517 2056 587 2137 τοίς
609 2055 640 2124 δ’
662 2059 800 2137 ὑπάτοις
823 2059 929 2126 ἐδόκει
952 2065 1126 2147 βούλευ-2

65 2164 231 2251 σαμένοις
259 2167 340 2249 μετά
367 2175 428 2232 τοῦ
450 2166 630 2251 συνεδρίου
652 2166 697 2250 μη
720 2175 880 2251 περιορᾶν
902 2168 962 2232 τὸν
985 2169 1092 2252 δῆμον

66 2271 226 2350 ἐξουσίας
247 2271 446 2355 τηλικαύτης
467 2271 587 2356 κύριον
610 2274 801 2356 γευόμενον.
837 2272 956 2358 εύρητο
980 2270 1011 2338 δ’
1033 2273 1091 2338 αύ-

64 2391 134 2456 τοῑς
156 2387 223 2462 τῆς
244 2378 422 2455 κωλύσεως
439 2376 572 2463 άφορμη
592 2377 703 2442 δικαία
721 2375 776 2442 καί
793 2380 945 2462 νόμιμος,
966 2371 988 2462 ᾖ
1006 2379 1090 2463 χρώ·
1104 2405 1131 2447 ιο

64 2510 161 2569 μενοι
192 2485 307 2550 πάντα
336 2485 507 2549 διαλύσειν
529 2481 637 2571 ςδοντο
659 2484 699 2548 τὰ
721 2495 788 2549 τῶν
811 2482 989 2548 ἀντιδίκου
1011 2486 1091 2568 βου-

63 2593 229 2676 λεύματα.
261 2586 319 2654 καὶ
335 2590 415 2674 μετὰ
429 2597 527 2655 τοῦτο
541 2590 768 2674 παρεκάλεσαν
782 2591 830 2666 είς
843 2593 964 2673 λόγους
978 2588 1091 2656 ἐλθεῖν

13 2700 142 2775 μεστοὺς
173 2698 426 2782 προεστηκότας
453 2704 514 2760 τοῦ
546 2696 654 2779 δήμου
687 2698 860 2763 συνόντων
886 2695 999 2774 αὐτοῖς
1025 2708 1092 2763 τῶν

64 2803 278 2889 ἐπιτηδείων.
329 2799 384 2866 καὶ
421 2801 509 2879 έλεξε
541 2803 717 2886 Μηνύκιος
747 2803 873 2868 τοιάδε·
910 2800 1028 2887 Ἡμῖν,
1065 2798 1127 2879 ὦ3

64 2911 252 2996 δήμαρχοι,
283 2909 379 2973 δοκεῖ
401 2917 522 2994 χρῆναι
543 2909 604 2992 την
628 2909 743 2974 στάσιν
766 2907 954 2986 ἐξελαύνειν
978 2909 1014 2974 ἐκ
1036 2918 1093 2992 τῆς
1106 2933 1132 2976 ιε

63 3020 194 3094 πόλεως
222 3014 336 3100 άπάση
359 3014 499 3098 δυνάμει
521 3010 577 3078 καὶ
601 3014 645 3098 μὴ
667 3018 871 3099 φιλονεικείν
893 3012 1027 3080 ἐναντία
1045 3025 1090 3105 τῷ

136 3182 150 3227 1
176 3173 257 3227 πολὺ
276 3173 303 3224 Α
325 3174 417 3242 πολλῷ
440 3171 464 3223 Β
537 3176 552 3224 7
577 3170 721 3240 στρατείας
743 3169 767 3222 Β
839 3177 855 3224 9
879 3167 958 3225 εἶπεν
978 3170 1001 3225 Ο
1024 3191 1093 3240 προ-

66 3250 144 3298 εῖπεν
163 3242 297 3297 KIesslin
401 3245 435 3295 10
459 3239 601 3310 παιδικὴν
619 3239 701 3295 πόλιν
725 3239 881 3295 Ambroseh
905 3240 942 3294 ad
965 3241 1004 3308 11,
1025 3247 1054 3309 9,
1077 3250 1091 3296 1

68 3321 94 3367 11
121 3316 245 3384 ἀθρόως
263 3260 319 3366 ΑΞ
337 3310 503 3382 άθρόουςῦ
600 3317 632 3366 19
655 3311 807 3380 γευόμενον
826 3309 931 3398 ABG]
953 3310 1049 3378 εὕρετο
1069 3312 1092 3369 Ο

67 3387 179 3504 {taeter
197 3384 226 3438 B
288 3389 321 3437 21
337 3381 487 3507 ἷιαλύσειν
504 3381 528 3434 Β
547 3382 673 3437 διαλύειν
691 3381 717 3434 R
775 3385 809 3435 24
827 3380 964 3452 τ<οι>αδε
982 3381 1006 3433 Β
1025 3383 1093 3450 ύμῖν

93 3459 110 3509 b
166 3463 204 3512 26
228 3453 320 3509 ἅπάσι
