2508 3882
152 177 218 242 212
574 178 744 226 -Η-

151 346 227 422 θοι,
254 338 368 424 κρύφα
394 334 451 403 καὶ
473 339 537 403 σὺν
561 339 649 425 δόλῳ
672 334 777 402 αὐτὸν
799 335 946 418 ἀνελεῖν,
974 335 1007 398 εί
1032 329 1071 398 δέ
1098 334 1169 398 δια-

152 445 286 530 μαρτὼν
308 454 367 528 τῆς
388 448 503 526 πείρας
520 443 637 528 ἀτελὴς
655 451 715 509 τοῦ
734 445 836 527 ἐργου
854 438 1105 527 ἀναστρέψειεν,
1125 439 1169 518 ὡς
1247 463 1248 466 ’

152 553 321 638 προδότην
348 552 540 635 παραδόντα
566 559 606 635 τῇ
633 547 710 635 περὶ
737 548 840 614 αὐτὸν
869 545 997 636 ἑταιρίᾳ
1019 546 1170 613 ἀποκτεῖ-
1248 596 1249 680 η

117 665 221 728 4ναι·
241 658 323 745 ὅπερ
342 655 446 722 ἐποίει
463 659 548 740 τότε,
566 652 623 721 καὶ
641 654 842 738 συναγαγὼν
860 663 954 740 γείρα
972 651 1036 720 οὐκ
1052 653 1170 738 ὀλίγην
1248 687 1249 736 I

126 767 327 849 εκατηγόρει
353 771 414 829 τοῦ
441 761 564 848 ἀνδρὸς
596 763 705 846 ψευδῆ
737 763 995 846 τεκμαιρόμενος
1027 758 1171 844 ἀληθέσι

152 869 207 936 καί
236 872 277 937 οὐ
303 871 509 954 γενησόμενα
536 869 674 946 εἰκάζων
700 865 946 952 γεγενημένοις·
980 864 1114 932 έκέλευέ
1138 862 1166 931 τ’
1249 930 1250 961 ,

152 975 364 1062 ἀποδόμενον
387 974 490 1040 αὐτὸν
512 975 573 1058 τὴν
592 974 698 1060 ἀρχὴν
716 977 819 1058 λόγον
837 971 972 1059 ὑπέχειν
992 982 1050 1057 τῆς
1072 988 1172 1058 στρα-
1249 973 1250 984 ’

152 1087 276 1169 τηγίας.
321 1077 364 1165 ἦν
387 1075 424 1145 δέ
447 1088 506 1165 τῆς
526 1080 760 1166 ὑπομενούσης
782 1089 936 1166 στρατιᾶς
958 1079 995 1145 ἐν
1018 1088 1090 1156 ταῖς
1111 1082 1172 1145 πό-

153 1193 246 1254 λεσιν
272 1187 422 1271 ἡγεμών,
453 1187 498 1263 ὡς
524 1184 579 1252 καὶ
605 1190 768 1274 πρότερον
791 1189 923 1272 είρηταί
949 1209 1022 1271 μοι,
1053 1185 1239 1271 κύριοςεειε

115 1317 140 1357 ιο
153 1305 214 1362 τοῦ
235 1317 270 1359 τε
295 1303 497 1375 συναγαγεῖν
518 1291 695 1377 ἐκκλησίαν
716 1291 855 1359 καὶτοῦ
877 1297 1003 1377 καλεῖν,
1027 1291 1067 1358 δν
1090 1293 1172 1376 βού-
1250 1295 1251 1304 ’

154 1408 258 1486 λοιτο,
281 1397 335 1464 ἐπὶ
358 1400 464 1483 δίκην.

220 1505 343 1573 LVIII.
377 1503 413 1568 ‘O
442 1501 479 1570 δέ
506 1505 660 1591 Μάρκιος
687 1503 873 1589 ἀντιλέγειν
905 1502 968 1590 μέν
998 1507 1081 1589 πρὸς
1116 1505 1173 1570 ού-

155 1612 292 1700 δέιερον
319 1613 447 1678 τούτων
470 1610 635 1695 ἐδικαίου,
661 1608 737 1697 περί
766 1608 803 1676 δὲ
830 1621 887 1697 τῆς
914 1611 1036 1690 τάξεως
1059 1612 1173 1678 αὐτῶν

155 1717 326 1804 διεφέρετο
353 1720 457 1800 λόγον
483 1716 586 1795 ἀξιῶν
613 1717 799 1784 ἀποδοῦναι
830 1721 993 1802 πρότερον
1019 1729 1088 1783 τῶν
1114 1739 1174 1783 πε-

116 1847 141 1887 ιι
155 1821 354 1910 πραγμένων
375 1823 464 1911 αὐτῷ
487 1826 570 1890 κατὰ
591 1827 653 1890 τὸν
669 1827 826 1909 πόλεμον,
850 1820 964 1909 ἔπειτ’,
987 1823 1045 1889 ἐὰν
1069 1825 1175 1889 ἅπασι

156 1929 236 2017 δόξη
262 1929 503 2014 Οὐολούσκοις,
529 1928 765 2014 ἀποθήσεσθαι
794 1931 856 2013 τὴν
883 1929 998 2016 ἀργήν.
1042 1929 1174 1995 τούτων
1252 1989 1253 1992 ,

156 2034 189 2130 δ’
207 2035 257 2116 Ιού
281 2040 361 2120 μίαν
383 2033 465 2125 ᾤετο
488 2039 588 2102 πόλιν
612 2038 695 2121 δεῖν,
719 2035 756 2102 έν
778 2029 800 2122 ᾗ
823 2038 861 2101 τὸ
884 2041 1000 2102 πλεῖον
1022 2036 1087 2101 ὑπὸ
1111 2045 1175 2102 τοῦ

160 2144 292 2210 Τύλλου
316 2141 502 2228 διέφθαρτο
529 2141 644 2228 μέρος,
673 2140 833 2226 γενέσθαι
859 2145 996 2228 πυρίαν,
1022 2139 1106 2205 ἀλλὰ
1133 2143 1174 2208 τὸ

156 2253 257 2328 ἔθνος
280 2251 369 2315 ἀπαν
391 2250 439 2326 είς
460 2251 522 2334 την
546 2251 689 2333 ἔννομον
712 2247 840 2334 ἀγορὰν
859 2247 1040 2335 συναχθέν,
1062 2249 1112 2324 είς
1129 2248 1174 2332 ἣν

116 2378 143 2418 ιο
157 2360 238 2434 ἔθος
263 2353 306 2440 ἦν
333 2357 461 2439 αὐτοῖς,
490 2356 540 2421 ότι
567 2353 644 2441 περὶ
670 2367 737 2421 τῶν
760 2358 925 2440 μεγίστων
947 2356 1175 2440 βουλεύεσθαι

157 2463 326 2549 μέλλοιεν,
353 2463 387 2542 ἐξ
415 2462 544 2548 ἆποίσης
565 2466 694 2540 πόλεως
716 2463 926 2548 προβούλους
948 2459 1175 2528 ἀποστέλλειν.

122 2570 176 2636 26
205 2567 242 2636 δὲ
273 2571 401 2647 Τύλλος
426 2568 579 2652 ἀντέλεγε
606 2572 689 2655 πρὸς
715 2579 818 2634 ταῦτα
846 2574 955 2646 καλῶς
981 2568 1093 2650 εἰδώς,
1121 2567 1176 2632 ὅτι

158 2676 269 2765 δεινὸς
294 2676 400 2739 εἰπεῖν
428 2673 512 2758 ἀνὴρ
539 2680 674 2740 πολλῶν
701 2672 756 2740 καὶ
786 2678 898 2740 καλῶν
930 2676 1038 2759 ἐργων
1069 2675 1176 2757 λόγον

158 2777 340 2854 ἀποδιδοὺς
371 2778 408 2844 ἐν
439 2780 625 2866 ἡγεμονικῷ
662 2779 820 2865 ἀξιώματι
852 2777 963 2865 μένων
996 2781 1104 2844 πείσει
1136 2781 1176 2846 τὸ

119 2890 299 2968 εεπλῆθος,
321 2881 375 2948 καί
394 2886 554 2952 τοσούτου
578 2887 690 2970 δεησει
712 2891 872 2974 τιμωρίαν
895 2887 1069 2972 προδοτῶν
1092 2885 1177 2952 ὑπο-

159 3002 267 3078 σχεῖν,
300 2990 382 3088 ὥστε
410 2990 466 3056 καὶ
488 2995 713 3078 λαμπρότερος
740 2995 787 3058 ἔτι
815 2992 870 3059 καὶ
898 2993 1092 3078 τιμιώτερος
1113 2989 1172 3058 ὑπ’

231 3156 247 3204 5
266 3149 360 3219 ψευδῆ
379 3147 443 3204 add.
457 3147 489 3201 in
505 3165 570 3219 lnge
585 3147 635 3204 AC
690 3155 706 3203 6
724 3148 923 3220 γενησομένοις
937 3149 959 3205 Ο
976 3146 1176 3219 γεγενημένοις

158 3222 204 3276 vel
223 3218 384 3291 γενομένοις
404 3219 563 3289 Stephanus
636 3219 781 3291 9ἡγεμὼν
798 3221 900 3276 add.B
972 3228 1005 3275 21
1046 3220 1174 3275 ούλοιντο

159 3293 182 3347 Β
255 3299 289 3349 23
308 3291 381 3362 ἀνὴρ
401 3291 423 3347 0
443 3291 457 3346 δ
477 3291 552 3363 ἀνὴρ
569 3290 712 3347 Christian
731 3307 854 3348 convers.
875 3291 966 3346 Germ.
988 3290 1025 3345 διν
1046 3312 1062 3361 ρ
1081 3291 1175 3346 Κίεεε-

159 3363 221 3444 ling
254 3368 258 3435 Ι
293 3361 375 3434 λόγον
395 3381 448 3420 om.
467 3362 514 3418 Ba
533 3380 618 3434 supra
635 3362 685 3418 lin.
705 3363 769 3420 add.
789 3363 846 3432 Bb,
865 3363 891 3416 R
980 3369 1016 3418 24
1034 3360 1132 3433 μένειν
1151 3379 1175 3419 ο.

159 3435 263 3488 Remke
337 3441 371 3490 25
390 3434 530 3506 προδότου
549 3453 572 3490 ο.
593 3435 715 3504 Sylburg
