2508 3882
495 243 662 294 -H—
1019 238 1085 305 259

73 406 189 469 τόπεδα
219 402 433 490 ἐπιτρέπουσι
461 403 655 488 φυλάττειν,
685 403 765 468 ὅταν
793 401 924 481 ἐξίωσιν
951 403 999 479 είς
1025 402 1089 485 τὴν

73 509 191 595 μάχην,
219 508 280 575 καί
303 507 353 594 ἐφ’
383 510 442 587 οὓς
464 514 687 594 τελευταίους,
715 509 795 575 ὅταν
818 508 929 596 ἀθρόα
951 505 1086 593 γένηται

73 627 132 682 τῶν
164 615 202 682 ἐν
233 615 322 702 άκμῇ
350 618 481 702 φθορά,
513 619 726 694 σπανίζοντες
755 612 866 701 ἐτέρας
896 612 1087 699 ἐπικουρίας

71 724 317 807 καταφεύγουσι
351 724 406 787 διὰ
438 723 500 805 την
532 720 689 805 ἀνάγκην.
742 722 779 785 οί
807 718 838 785 δ’
876 720 1120 786 οὐολοῦσκοι5

71 826 133 892 κατ’
155 828 265 914 άρχὰς
287 826 348 914 μέν
373 827 525 907 ἐδέξαντο
548 829 609 912 τὴν
631 829 756 914 ἔφοδον
779 827 889 892 αὐτῶν
911 823 966 890 καὶ
989 823 1084 912 μέχρι
1113 843 1126 885 ε

71 938 191 999 πολλοῦ
225 933 383 1019 διέμενον
416 933 569 1020 ἐκθύμως
600 934 853 1018 ἀγωνιζόμενοι,
886 935 997 998 ἔπειτα
1029 933 1085 997 δεδι

71 1040 125 1121 τὴν
147 1051 210 1106 τοῦ
235 1044 362 1126 χωρίου
384 1043 489 1125 φύσιν
512 1049 779 1125 μειονεκτοῦντες
801 1040 1008 1124 ὑπεχώρουν,
1030 1037 1086 1104 καὶ

72 1142 158 1222 τέλος
186 1146 288 1230 ὀλίγα
315 1143 377 1231 μὲν
403 1150 483 1224 τοὺς
509 1150 687 1231 πολεμίους
713 1145 768 1212 καὶ
796 1145 857 1212 οὐκ
884 1144 959 1224 ἄξια
982 1148 1086 1227 λόγου

73 1248 306 1338 ἐργασάμενοι,
334 1257 436 1318 πλείω
467 1251 497 1318 δ’
530 1249 625 1319 αὐτοὶ
655 1255 820 1329 παθόντες
848 1253 932 1317 κακὰ
959 1251 1085 1338 ὑπεχώ-

74 1372 172 1438 ρησαν
201 1361 252 1436 είς
281 1360 318 1424 τὸ
347 1360 474 1423 πεδίον.
527 1361 612 1423 ἔνθα
641 1358 1084 1443 καταστρατοπεδευσάμενοι
1100 1374 1126 1416 10

74 1472 137 1538 ταῖς
159 1461 236 1548 ἑξῆς
259 1463 396 1550 ἡμέραις
419 1462 588 1542 ἐξέταττον
610 1466 672 1548 τὴν
696 1465 840 1548 δύναμιν
863 1461 918 1528 καί
940 1463 1084 1548 προύκα-

76 1571 188 1635 λοῦντο
217 1573 298 1648 τοὺς
320 1568 501 1654 Ῥωμαίους
530 1572 577 1647 είς
603 1569 723 1655 μάχην,
752 1570 787 1635 οί
808 1567 837 1634 δ’
866 1569 928 1636 οὐκ
951 1566 1085 1655 ἀντεξῄ-

77 1689 157 1739 εσαν.
204 1677 251 1753 ὡς
279 1673 316 1741 δὲ
343 1674 432 1742 τοῦτ’
459 1672 552 1742 εἶδον
579 1678 889 1762 καταφρονήσαντες
915 1675 1025 1741 αὐτῶν
1053 1676 1089 1741 οί
1101 1675 1121 1740 6

79 1779 282 1849 Οὐολοῦσκοι
309 1783 516 1849 συνεκάλουν
540 1781 576 1848 ἐκ
603 1792 671 1848 τῶν
698 1784 828 1848 πόλεων
853 1782 1009 1866 δυνάμεις
1030 1780 1086 1847 καὶ

77 1889 352 1970 παρεσκευάζοντο
366 1889 411 1965 ὡς
430 1887 618 1967 ἐξελοῦντες
635 1891 828 1977 πολυχειρίᾳ
846 1892 884 1955 τὸ
903 1889 1085 1976 φρούριον·
1101 1905 1127 1946 1⁵

79 1989 192 2076 ῥηιδίως
214 1989 245 2059 τ’
271 1993 313 2060 ἂν
337 1993 568 2080 ἐξειργάσαντο
592 1992 675 2078 μέγα
698 1997 799 2080 ἔργον
821 1996 950 2060 ὑπάτου
973 2018 1008 2059 τε
1030 1993 1086 2060 καὶ

31 2090 246 2184 ῦνδΡωμαίκῆς
274 2100 446 2184 δυνάμεως
474 2099 495 2184 ἣ
524 2102 581 2187 βίᾳ
602 2102 822 2185 κρατήσαντες
844 2101 865 2184 ἢ
888 2097 943 2164 καὶ
967 2100 1086 2183 ὁμολο-

81 2205 167 2281 γίαις
198 2202 278 2272 ούδέ
305 2205 369 2290 γὰρ
396 2215 464 2270 τῶν
492 2203 688 2288 ἐπιτηδείαν
716 2208 763 2271 έτι
793 2206 928 2291 εὐπόρει
957 2206 993 2270 τὸ
1021 2229 1085 2290 χω-

82 2310 157 2385 ρίον·
182 2314 273 2396 ἔφθη
298 2306 336 2375 δέ
358 2314 520 2397 πρότερον
545 2309 716 2397 ἐπικουρία
734 2308 906 2393 Ῥωμαίοις
926 2308 1086 2393 ἐλθοῦσα,

82 2411 130 2496 ὑφ’
153 2413 192 2501 ἧς
215 2417 435 2500 ἐκωλύθησαν
459 2416 495 2482 οί
517 2417 725 2482 Οὐολοῦσκοι
752 2418 789 2482 τὸ
815 2416 992 2480 κάλλιστον
1015 2414 1084 2481 ἐπι·
1098 2438 1125 2478 ιο

83 2523 181 2588 θεῖναι
209 2531 255 2610 τῷ
282 2520 415 2610 πολέμφ
442 2520 544 2598 τέλος.
591 2522 695 2607 ὁγὰρ
724 2521 833 2608 ἕτερος
859 2531 927 2587 τῶν
949 2521 1119 2591 ὑπάτωνί

83 2625 207 2694 Καίσων
232 2623 360 2712 Φάβιος
382 2629 512 2712 μαθών,
537 2627 573 2693 ἐν
593 2619 645 2705 αἷς
667 2623 710 2712 ἦν
731 2630 844 2714 τύχαις
861 2627 882 2710 ἡ
901 2626 1086 2712 παραταξα-

85 2729 151 2818 μένη
177 2735 406 2811 Οὐολούσκοις
429 2735 582 2818 δύναμις,
609 2732 765 2818 ἐβούλετο
788 2730 850 2818 μέν
874 2735 918 2810 ὡς
941 2729 1007 2820 είχε
1031 2735 1086 2800 τά-

84 2859 149 2918 χους
177 2842 309 2906 ἅπασαν
336 2841 427 2922 άγων
456 2840 518 2923 τὴν
549 2841 693 2923 δύναμιν
721 2840 827 2917 εὐθὺς
858 2837 985 2906 ἐπιέναι
1016 2852 1086 2918 τοῖς

85 2950 287 3032 πολιορκοῦσι
314 2949 351 3012 τὸ
381 2946 555 3030 φρούριον.
607 2946 651 3022 ὡς
679 2943 709 3011 δ’
742 2946 804 3012 οὐκ
836 2945 963 3031 ἐγένετο
997 2947 1085 3034 αὐτῷ
1100 2967 1126 3007 ετ

84 3052 227 3142 δυομένῳ
250 3075 286 3118 τε
309 3051 364 3117 καὶ
387 3054 521 3126 οίωνοϊς
542 3050 702 3141 χρωμένω
725 3053 765 3116 τὰ
790 3054 861 3137 ἱερὰ
884 3054 979 3136 καλά,
1009 3049 1081 3117 ἀλλ’

142 3217 153 3263 1
175 3205 311 3282 ἐξίωσ<ιν
331 3205 371 3270 είς
388 3207 461 3280 τὴν)
482 3208 529 3261 Bb
594 3214 609 3262 9
628 3205 702 3262 πλέω
722 3208 745 3262 0
763 3211 849 3263 πλείω
868 3226 891 3262 ο.
914 3207 1083 3279 ΚὶεεεΙὶορί

85 3273 256 3351 ἀπεχώρησαν
275 3297 299 3334 ο.
318 3278 463 3348 Kiessh'ng
550 3283 582 3332 13
602 3276 632 3333 οί
648 3278 712 3333 add.
731 3279 754 3331 Β
843 3286 875 3332 14
894 3278 944 3340 τὰς
963 3273 994 3331 ἐκ
1013 3297 1036 3332 τ.
1055 3297 1085 3333 π.

86 3345 202 3422 δυνάμεις
221 3369 245 3405 ο.
264 3349 387 3404 Kiesslin
520 3355 552 3403 16
570 3357 620 3404 τοῦ
639 3348 748 3403 ὑπάτου
767 3369 796 3404 τε
815 3348 864 3402 καί
883 3356 931 3417 τῆς
950 3347 986 3401 Ῥ.
1011 3350 1036 3403 δ.
1061 3365 1084 3405 e.

85 3413 173 3567 ἓχχφςξφ
202 3427 296 3565 >BH
316 3420 365 3475 καί
389 3367 549 3490 δμολογίαις
566 3417 646 3473 ABG
674 3418 748 3473 καθ’
770 3419 918 3489 ὁμολογίας
936 3419 961 3471 R
1052 3426 1084 3474 18

176 3513 201 3548 ετ

870 3576 923 3630 17*
