2538 3884
561 211 728 263 -ο-
977 183 1151 275 ἐεο

138 380 228 466 φορᾷ
252 381 337 457 σφᾶς
359 372 479 450 αὐτοὺς
502 365 642 458 ᾐτιῶντο
664 379 723 455 της
746 371 950 458 ἀφροσύνης,
972 372 1027 439 καὶ
1051 370 1152 440 οὐδέν

138 481 186 544 ἔτι
209 480 508 564 παρακινδυνεύειν
533 479 721 566 ἐπειρῶντο.
758 480 794 544 οί
809 475 847 543 δὲ
865 479 922 557 τὰς
941 478 977 544 ἐν
995 480 1151 570 ὑπαίθρῳ

139 587 295 672 στρατιὰς
318 585 542 653 Οὐολούσκων
564 609 599 652 τε
622 583 677 652 καί
699 587 859 652 Αἰκανῶν
882 587 1011 672 ἔχοντες
1033 586 1168 672 ἡγεμών

137 715 204 778 νες,
227 696 480 778 πυνθανόμενοι
502 694 542 758 τδ
565 693 670 758 οίκεῖα
692 693 924 776 πολεμούμενα
946 695 1103 776 γενναῖόν
1122 715 1153 757 τι

137 796 193 863 καὶ
216 794 309 866 οὗτοι
333 801 417 886 δρᾶν
441 798 699 885 ἐβουλεύσαντο,
723 799 923 877 ἀναστάντες
946 799 982 865 ἐκ
1004 808 1062 884 τῆς
1080 797 1153 885 Ἑρ·
1178 823 1192 865 ι

62 906 242 975 194ονίκων
270 928 305 970 τε
331 903 387 970 καὶ
409 908 566 972 Λατίνων
593 915 653 990 γῆς
681 902 734 970 ἐπὶ
760 907 822 990 τὴν
840 902 967 990 Ῥώμην
981 907 1086 988 ’ἄγειν
1108 906 1153 982 ώς

4 1048 5 1071 ι
137 1006 229 1096 είχον
252 1011 354 1097 ὀργῆς
375 1033 410 1078 τε
433 1010 488 1077 καὶ
510 1012 642 1097 τύχους,
664 1014 724 1079 τὸν
743 1015 896 1098 στρατόν,
919 1014 1001 1078 κατὰ
1019 1012 1152 1078 τοιόνδε

136 1117 212 1182 τινὰ
234 1114 290 1183 καὶ
313 1116 408 1184 αὐτοὶ
433 1117 545 1202 δόξαν,
568 1118 618 1184 δτι
637 1119 732 1184 δυεῖν
751 1120 859 1204 ἐρμων
877 1122 989 1184 καλῶν
1006 1119 1152 1203 θιίτερου

137 1223 250 1300 αὐτοῖς
270 1230 481 1310 κατορθῶσαι
503 1223 657 1310 ὑπύρξει,
685 1223 706 1309 ἣ
729 1224 790 1307 τὴν
808 1221 935 1309 Ῥώμην
959 1223 1151 1310 ἀφύλακτον

138 1323 243 1395 οὖσαν
271 1327 375 1415 ἑλεῖν,
402 1330 422 1414 ἣ
450 1333 529 1408 τοὺς
550 1333 730 1415 πολεμίους
754 1329 790 1396 ἐκ
812 1339 869 1415 τῆς
892 1329 1018 1396 ἑαυτῶν
1041 1331 1151 1417 χώρας
1164 1355 1190 1394 ιο

138 1433 301 1520 ἐκβαλεῖν,
324 1437 369 1514 ώς
387 1437 429 1520 δὴ
447 1447 514 1502 τῶν
532 1436 668 1503 ὑπάτων
687 1434 1036 1521 ἀναγκασθησομένων
1054 1442 1150 1502 πολε-

138 1540 286 1629 μουμένη
305 1551 343 1628 τῇ
362 1544 496 1629 πατρίδι
514 1546 666 1628 βοηθεῖν.
697 1551 800 1608 ταῦτα
818 1540 1054 1626 διανοηθέντες
1067 1538 1187 1626 ἦμον4

1 1713 2 1716 ,
137 1649 199 1732 την
227 1649 384 1736 στρατιὰν
411 1647 677 1735 ἐπιταχύνοντες,
705 1646 749 1714 ἵν’
777 1647 810 1727 ἐξ
838 1647 1089 1736 ἀπροσδοκήτου
1113 1657 1150 1734 τῇ

1 1813 2 1816 ,
136 1757 230 1820 πόλει
253 1754 471 1840 συμμίξαντες
494 1755 598 1834 εὐθὺς
621 1758 722 1842 ἐρμου
745 1757 892 1841 ἔχωνται.

203 1860 317 1926 LXXI.
345 1859 559 1947 ’Λφικόμενοί
579 1886 614 1928 τε
637 1860 732 1949 μέχρι
755 1864 907 1928 Τύσκλου
930 1863 1067 1945 πόλεως,
1089 1885 1149 1946 μα-
1164 1882 1190 1924 ιε

135 1969 256 2045 θόντες
291 1968 351 2033 τὸν
386 1972 566 2057 περίβολον
600 1978 659 2054 τῆς
685 1967 809 2054 Ῥώμης
842 1968 922 2033 ὅλον
953 1969 1150 2052 πληθύοντα

136 2073 266 2158 ὅπλων,
287 2071 343 2138 καὶ
365 2076 429 2160 πρὸ
453 2085 519 2140 τῶν
541 2080 657 2140 πυλῶν
680 2070 834 2159 τέτταρας
858 2070 1150 2159 ἐξεστρατευμένας

136 2181 288 2264 σπείρας,
310 2175 445 2264 ἀνδρῶν
470 2176 649 2256 ἑξακοσίων
674 2174 825 2261 ἑκάστην,
847 2185 905 2259 της
927 2173 988 2262 μὲν
1012 2175 1065 2243 ἐπὶ
1087 2178 1149 2262 την

131 2281 258 2370 Ῥώμην
280 2281 619 2370 ὁδούάπετροίποντο,
642 2284 703 2368 την
723 2278 752 2348 δ’
771 2282 837 2347 ὑπὸ
856 2291 895 2368 τῇ
912 2286 1008 2348 πόλει
1025 2284 1149 2369 χώραν,

61 2390 178 2475 1941ὑν
206 2389 242 2457 ἐν
270 2397 310 2474 τῇ
337 2387 481 2476 προτέρᾳ
506 2385 689 2474 παρέλιπον
717 2390 868 2473 είσβολῇ,
898 2388 1149 2473 ἐγκαθεζόμενοι
1163 2410 1190 2452 ω

136 2493 268 2584 ἐδῄουν.
315 2491 531 2580 ἐπιφανέντος
558 2492 589 2560 δ’
616 2494 729 2572 αὐτοῖς
755 2491 901 2580 θατέρου
923 2505 991 2560 τῶν
1013 2494 1184 2566 ὑπάτων2

135 2605 282 2668 Λευκίου
309 2603 497 2687 Λοκρητίου
524 2598 579 2666 καὶ
606 2597 752 2685 θεμένου
779 2601 841 2684 τὴν
867 2602 1080 2687 παρεμβολὴν
1108 2601 1149 2666 ού

135 2711 248 2795 πρόσω
277 2709 381 2774 καλὸν
407 2707 633 2792 ὑπολαβόντες
660 2702 747 2772 εἶναι
771 2709 905 2793 καιρόν,
931 2704 1011 2793 πρὶν
1035 2706 1149 2773 ἐλθεῖν
1236 2779 1238 2784 ,

135 2823 180 2902 τῷ
200 2817 374 2904 Λοκρητίῳ
398 2815 458 2898 την
483 2811 598 2900 ἑτέραν
612 2810 780 2899 Ῥωμαίων
800 2815 944 2898 δύναμιν
963 2814 1148 2900 σύμμαχον,

78 2979 81 2987 .
135 2915 175 3004 ἧς
202 2921 401 3008 Οὐετούριος
432 2919 561 3005 ἡγεῖτο,
593 2919 740 2999 συνάψαι
769 2920 893 3006 μιίχην,
923 2918 1062 3004 θέμενοι
1091 2921 1148 2997 τὰς
1161 2938 1187 2980 αι

137 3024 320 3102 ἀποσκευὰς
348 3023 401 3091 ἐπὶ
428 3029 536 3112 λόφου
565 3027 655 3104 τινὸς
681 3023 736 3091 καὶ
764 3027 825 3091 δύο
854 3029 989 3113 σπείρας
1011 3022 1061 3090 ἐπ’
1089 3025 1148 3090 αύ-

134 3143 207 3209 ταῖς
229 3135 475 3216 καταλιπόντες,
500 3134 535 3199 ολ
556 3130 667 3200 λοιποὶ
688 3137 863 3219 προῆλθον
885 3134 933 3209 είς
955 3134 992 3197 τὸ
1015 3132 1146 3196 πεδίον·

207 3329 223 3378 3
243 3315 358 3376 ἐκείνων
377 3341 406 3378 τε
425 3323 474 3377 καὶ
492 3321 514 3376 0
536 3322 720 3378 Οὐολούσκων
739 3341 768 3377 τε
787 3321 836 3376 καλ
854 3322 975 3393 Sylburg
1040 3329 1058 3376 4
1076 3341 1148 3376 πυν-

134 3391 336 3469 <θανύμ>ενοι
355 3394 377 3447 Β
458 3398 475 3447 ὃ
498 3393 547 3448 καλ
565 3393 646 3448 αὑτοὶ
664 3413 688 3448 ο.
707 3393 871 3447 dubitanter
889 3391 1033 3461 Kiessling
1112 3398 1145 3447 19

134 3465 186 3534 τὴν
205 3463 237 3520 δὲ
262 3460 293 3519 ἐν
306 3470 340 3535 τῇ
358 3461 480 3540 προτέρᾳ
494 3463 574 3520 πόλει
588 3465 681 3536 χώραν
695 3461 713 3530 ἢ
728 3459 759 3518 ἐν
774 3484 807 3536 ιη
822 3463 946 3539 προτέρᾳ
961 3461 983 3516 0
997 3462 1146 3533 praeterB
