2538 3884
142 196 281 264 358·
563 200 733 252 -Θ·-

140 357 169 426 τ’
196 359 380 445 ἀσχήμονες
407 356 560 442 ἐγένοντο
585 361 633 438 είς
655 358 819 444 ἀλλήλους
841 357 896 426 καί
918 357 1076 444 καταβοαὶ
1106 355 1172 424 καὶ

142 466 305 550 σωμάτων
324 465 483 550 ὠθισμοί·
501 464 556 530 καί
574 471 758 532 τελευτῶσα
777 467 825 544 είς
841 477 953 552 χείρας
967 461 1172 547 ἀπέσκηψεν

107 572 163 656 δή
183 575 263 660 ἔρις,
280 571 337 639 καὶ
355 573 402 649 είς
420 574 529 638 λίδων
547 571 669 659 ήρξατο
686 574 882 659 προβαίνειν
899 572 1008 656 βολάς.
1039 567 1172 656 ἐπέσχε

142 675 179 745 δέ
209 689 311 747 ταῦτα
340 676 395 744 καὶ
424 687 484 745 τοῦ
514 680 558 763 μή
588 677 786 766 προσωτέρω
816 686 962 765 χωρῆσαι
990 677 1031 742 τὰ
1061 677 1172 742 δεινδι

117 788 301 863 ιΚοίντιος
323 785 438 871 ἅτερος
459 794 527 850 τῶν
550 785 685 851 ὑπάτων
709 791 813 862 αίτιος
835 782 977 868 ἐγένετο,
1000 785 1172 868 δεόμενός

143 915 177 957 τε
200 893 336 958 πάντων
358 889 413 958 καί
436 896 586 976 λιπαρῶν
610 894 673 957 σὺν
691 902 761 968 τοῖς
778 890 1017 977 πρεσβυτάτοις
1035 899 1101 954 τῶν
1125 887 1170 954 ἐκ

143 1008 203 1065 τοῦ
222 999 402 1084 συνεδρίου
419 996 475 1062 καί
494 999 541 1074 είς
559 995 680 1081 μέσους
693 999 772 1075 τούς
785 996 1034 1084 ἁψιμαχοῦντας
1048 995 1171 1061 ὠδού-

141 1127 249 1188 μενος.
292 1098 336 1186 ήν
366 1099 403 1168 δέ
432 1101 488 1168 καί
516 1112 574 1187 τῆς
604 1100 727 1187 ήμέρας
754 1104 793 1168 τὸ
823 1106 1023 1186 λειπόμενον
1050 1105 1169 1188 βραχὺ

105 1207 256 1295 4μέρος,
284 1205 360 1274 ὥστ’
388 1207 540 1275 ἀκούσιοι
565 1204 620 1273 ἀπ’
648 1207 801 1293 ἀλλήλων
825 1209 1042 1292 διελύθησαν.
1086 1219 1168 1285 ταῖς

102 1336 128 1376 ιο
142 1311 173 1380 δ’
196 1312 269 1399 ἑξῆς
291 1312 427 1401 ἡμέραις
449 1316 487 1381 αἵ
501 1312 530 1380 τ’
552 1312 650 1401 ἀρχαί
668 1313 825 1398 ἀλλήλαις
843 1313 1036 1399 ἐνεκάλουν,
1059 1309 1164 1398 ὁμὲν

140 1420 265 1499 ὕπατος
282 1433 352 1500 τοῖς
371 1422 563 1508 δημάρχοις,
586 1421 637 1487 ὅτι
655 1422 832 1487 καταλύειν
850 1421 953 1487 αὐτοῦ
970 1421 1034 1504 τὴν
1052 1419 1164 1506 ἀρχήν

140 1527 257 1612 ήξίουν
284 1527 317 1605 ἐς
338 1530 376 1594 τὸ
400 1529 627 1615 δεσμωτήριον
648 1529 708 1592 τδν
730 1527 859 1593 ύπατον
880 1525 1023 1610 ἀπέχειν
1046 1527 1165 1592 κελεύ-

142 1651 274 1718 σαντες,
305 1643 351 1722 τῷ
384 1632 416 1699 δ’
447 1635 561 1724 ὑπάτμ
594 1634 630 1700 οί
656 1635 835 1720 δήμαρχοι,
867 1634 912 1710 ὡς
941 1631 1163 1717 ἐμβεβληκότι

2 1728 8 1741 ’
141 1741 268 1823 πληγὰς
300 1741 449 1824 σώμασιν
480 1741 581 1827 ἱεροῖς
610 1738 666 1805 καί
699 1738 971 1824 καθωσιωμένοις
1000 1739 1067 1804 ὑπὸ
1099 1748 1163 1806 τοῦ

11 1924 12 1928 ¹
103 1865 129 1905 ιι
143 1846 250 1929 νόμον
268 1879 313 1892 --
330 1843 385 1910 καί
409 1846 427 1911 ὁ
448 1847 634 1929 Λαιτώριος
656 1847 696 1910 τὰ
720 1852 795 1932 ἴχνη
818 1857 886 1911 τῶν
907 1850 1046 1929 πληγῶν
1069 1840 1162 1931 εἶχεν

141 1947 194 2016 ἐπὶ
216 1959 274 2034 τῆς
297 1951 404 2028 ὅψεως
426 1953 474 2016 ἐτι
491 1952 621 2038 φανερά
635 1989 677 1999 -
693 1952 715 2035 ή
733 1975 767 2018 τε
786 1954 881 2028 πόλις
900 1951 960 2037 ὅλη
981 1952 1160 2018 διοιδοῦσα

105 2053 195 2125 ὁκαὶ
232 2055 468 2144 ἀγριαινομένη
506 2059 691 2142 διειστήκει.
750 2060 861 2124 ἔπειτα
898 2058 915 2124 ὁ
953 2054 1014 2142 μέν
1051 2059 1236 2142 δημοςιεισ

142 2161 299 2252 ἐφρούρει
330 2166 367 2230 τὸ
400 2166 612 2231 Καπιτώλιον
643 2166 711 2250 ἅμα
742 2176 813 2242 τοῖς
844 2164 1043 2250 δημάρχοις,
1074 2161 1156 2230 οὔδ’

140 2268 263 2356 ἡμέρας
281 2271 357 2336 οὔτε
376 2273 495 2348 νυκτὸς
513 2270 674 2338 ἐκλείπων
691 2272 753 2356 τήν
771 2275 938 2356 φυλακήν·
957 2270 977 2352 ή
997 2268 1035 2335 δὲ
1049 2272 1160 2354 βουλὴ

100 2395 128 2435 2⁰
142 2386 304 2444 συνιοῦσα
327 2379 455 2462 πολλήν
477 2375 533 2444 καί
556 2376 716 2443 ἐπίπονον
737 2377 878 2444 ἐποιεῖτο
900 2380 1044 2461 ζήτησιν,
1067 2376 1161 2453 ὅπως

143 2483 205 2568 χρή
227 2491 353 2549 παῦσαι
375 2484 437 2568 τήν
461 2485 691 2570 διχοστασίαν,
714 2495 775 2550 τοῦ
797 2507 832 2549 τε
854 2484 1015 2548 κινδύνου
1038 2483 1075 2547 τὸ
1100 2479 1161 2566 μέ-

139 2595 240 2670 γεθος
259 2587 505 2676 ἐνθυμουμένη,
528 2588 583 2655 καί
602 2590 654 2656 ὅτι
672 2586 752 2656 οὐδὲ
769 2600 839 2666 τοῖς
850 2589 994 2665 Ιδπύτοις
1010 2589 1051 2653 τὰ
1070 2589 1159 2654 αὐτὰ

139 2698 349 2781 παρειστήκει
376 2708 524 2783 φρονεῖν.
570 2697 589 2764 ὁ
617 2691 678 2779 μὲν
704 2696 768 2781 χάρ
796 2698 952 2772 Κοίντιος
978 2700 1080 2759 είκειν
1108 2703 1157 2782 τῷ

139 2799 232 2888 δήμῳ
263 2800 303 2864 τὰ
332 2799 447 2888 μέτρια
473 2800 585 2886 ήξίου,
614 2802 633 2868 δ
662 2797 693 2866 δ’
711 2800 851 2878 ’Ἀππιος
878 2799 973 2887 μέχρι
1001 2799 1156 2867 θανάτου

99 2923 126 2966 ω
140 2902 299 2991 ἀντέχειν.

211 3103 225 3151 1
245 3095 407 3170 καταβο<αι
425 3095 497 3170 κ>αί
514 3097 537 3151 Β
624 3102 639 3153 6
658 3099 712 3152 *τε
731 3097 866 3153 ἁπάντων
885 3097 907 3152 Ο
928 3097 1035 3152 correxi
1120 3103 1155 3154 10

138 3168 225 3223 verba
250 3167 317 3222 inde
343 3168 379 3222 ab
406 3163 557 3223 ἐνεκάλουν
582 3186 671 3237 usque
695 3169 731 3224 ad
755 3167 798 3224 ὅτι
821 3186 874 3224 om.
894 3169 942 3223 Ba
964 3167 1029 3224 add.
1052 3167 1157 3238 Bbmg

141 3245 172 3292 11
191 3247 247 3294 τῶν
266 3238 417 3311 δημάρχων
435 3239 462 3292 A
479 3237 672 3364 (καταίλβων
690 3240 714 3294 Β
777 3247 811 3295 15
829 3240 878 3295 καί
897 3238 947 3294 δ..
968 3239 1114 3308 λαιτάριος
1132 3240 1155 3293 Β

138 3309 188 3363 καί
206 3310 260 3381 χδιρ
279 3311 294 3366 δ
314 3315 337 3367 λ.
356 3328 380 3366 ο.
399 3310 564 3366 dubitanter
605 3311 721 3382 ‘ensling
793 3317 826 3366 19
847 3311 934 3366 αύτού
952 3309 1003 3392 τήν
1022 3309 1155 3379 φυλακὴν

138 3377 301 3502 ξτορξμελον
318 3381 341 3435 Β
431 3388 465 3438 26
489 3383 617 3452 ἀντεῖχεν
637 3383 660 3438 Ο
684 3381 812 3452 ἀντέχειν
836 3400 859 3438 c.
879 3379 1023 3450 Kiesshng
1041 3383 1072 3435 et
1089 3380 1156 3434 Am-
