2508 3882
473 207 638 256 -H-
996 203 1060 268 253

65 365 192 449 διέμενε·
223 377 295 442 ταῖς
318 359 348 430 δ’
375 363 449 450 ε’ξής
470 364 607 450 ἡμέραις
628 366 783 451 φρουρὰν
804 367 1063 450 περιστήσαντος

64 481 115 538 τοῦ
135 471 263 537 ὑπάτου
286 481 331 560 τςό
355 475 448 561 λόφῳ
471 470 527 538 καί
549 471 656 548 πόσας
679 472 927 548 διακλείσαντος
950 471 1064 548 ὅπλοις

65 579 112 654 τὰς
140 577 293 663 ἐξόδους,
328 583 413 666 λιμῷ
450 573 592 663 βιασθὲν
628 577 821 664 ὑποχείριον
837 581 978 665 ,γίνεται
1009 576 1065 644 καί

65 685 259 768 παραδίδωσι
282 685 322 749 τδι
344 685 439 750 ὑπλα.
485 685 502 751 ὑ
527 681 557 749 δ’
583 684 707 762 ὑπατος
728 687 789 768 τήν
812 707 846 749 τε
869 687 974 768 λείαν,
1003 683 1101 769 ὅσή4

67 789 202 877 ἐπέτυχε,
234 789 291 856 καὶ
318 792 358 856 τὰ
385 791 518 876 λάφυρα
545 788 601 856 καὶ
627 794 705 868 τοὺς
732 791 958 876 αἰχμαλώτους
985 789 1066 858 ἀπο·
1093 815 1106 856 ε

66 897 176 962 δόσδαι
199 900 358 976 κελεύσας
379 909 449 976 τοῖς
470 902 614 982 ταμίαις,
636 899 684 975 είς
701 899 763 982 τήν
780 900 881 964 πόλιν
903 896 1066 982 ἀπήνεγκε

67 1005 97 1068 τὸ
122 1002 293 1090 ἀργύριον.
342 1002 398 1070 καί
424 1001 493 1089 μετ’
525 1004 566 1071 οὐ
594 1007 702 1070 πολὺν
730 1007 855 1090 χρόνον
881 1001 1068 1087 ἀναστήσας

67 1110 118 1192 τήν
139 1111 285 1194 δύναμιν
308 1109 343 1174 ἐκ
365 1118 425 1194 τῆς
446 1113 605 1195 πολεμίας
626 1109 753 1195 ἀπήγεν
773 1107 821 1176 ἐτί
845 1115 940 1176 οίκου
957 1115 1068 1176 τελευ-

68 1225 176 1294 τῶντος
204 1219 269 1301 ήδη
297 1226 357 1284 τοῦ
385 1219 488 1295 ἔτους.
534 1216 738 1284 ἐπιστάντων
762 1214 800 1284 δὲ
826 1227 894 1283 τῶν
917 1216 1069 1304 ἀρχαιρε-

69 1325 139 1387 σίων
170 1323 263 1402 ἔδοξε
296 1334 366 1400 τοῖς
397 1327 582 1410 πατρικίοις
614 1322 838 1409 ήρεδισμένον
871 1324 973 1409 ὁρῶσι
1009 1325 1069 1389 τὸν
1083 1347 1109 1388 ιο

70 1429 163 1512 δήμου
192 1427 249 1496 καὶ
279 1433 544 1515 μεταμελόμενον
575 1428 628 1496 ἐπί
657 1439 696 1516 τή
720 1433 872 1496 Κασσίου
898 1430 1070 1515 καταδίκῃ,

24 1535 117 1598 Ιῑιοδιδι
141 1541 291 1620 φυλακῆς
318 1535 420 1602 αὑτὸν
448 1537 551 1621 ἔχειν,
578 1538 622 1620 μή
649 1559 682 1601 τι
708 1537 941 1621 παρακινήσειε
968 1536 1070 1602 πόλιν
1200 1625 1204 1631 ¹

72 1643 110 1716 είς
134 1643 306 1725 δεκασμῶν
334 1639 453 1707 ἐλπίδα
479 1639 535 1707 καὶ
562 1643 694 1726 κλήρων
722 1643 883 1727 διανομής
908 1639 1071 1728 ὑπαχθεὶς

72 1743 117 1810 ὑπ’
141 1747 264 1834 ἀνδρὸς
286 1748 522 1832 δημαγωγῆσαι
541 1748 688 1814 δυνατοῦ
707 1747 743 1812 τὸ
761 1757 819 1831 τής
840 1747 997 1826 ὑπατείας
1014 1754 1071 1814 λα-

72 1854 179 1934 βόντος
207 1851 343 1937 ἀξίωμα
396 1853 549 1938 ἐφαίνετο
582 1850 612 1918 δ’
640 1853 753 1930 αὑτοίς
785 1853 889 1941 ῥᾷστα
917 1858 1072 1939 κωλυδή·
1086 1878 1112 1918 τε

74 1965 181 2024 σεσδαι
208 1961 336 2025 τούτων
363 1961 455 2038 τινὸς
481 1960 696 2045 ὀρεγόμενος,
728 1961 760 2024 εί
787 1958 918 2043 γίνοιτο
949 1961 1073 2038 ὑπατος

74 2062 146 2151 ἀνήρ
173 2067 291 2148 ήκιστα
319 2066 503 2150 δημοτικός.
548 2067 811 2151 βουλευσόμενοι
834 2068 997 2150 δήτοῦτο
1020 2073 1108 2138 ote-5

75 2172 196 2238 λεόουσι
224 2171 371 2256 μετιέναι
400 2173 462 2256 τήν
488 2172 649 2264 ὑπατείαν
676 2175 736 2240 τὸν
763 2171 877 2258 ἕτερον
903 2183 971 2238 τῶν
998 2195 1073 2240 κατ-

75 2277 299 2363 ηγορήσάντων
321 2289 381 2345 τοῦ
404 2282 567 2363 Κασσίου,
590 2282 749 2344 Καίσωνα
773 2279 903 2363 Φάβιον
926 2277 1074 2362 ἀδελφὸν

77 2383 144 2448 ὄντα
164 2393 226 2450 τοῦ
249 2388 322 2450 τότε
344 2386 567 2463 ὑπατεύοντος
590 2389 753 2469 Κοίντου,
780 2383 836 2450 καὶ
863 2383 899 2450 ἐκ
928 2395 994 2450 τῶν
1017 2385 1074 2448 δίλ-
1089 2410 1114 2449 εο

77 2491 134 2553 λων
146 2493 328 2575 πατρικίων
342 2492 487 2558 Λεύκιον
500 2494 658 2576 Αίμίλιου
672 2493 779 2577 ἄνδρα
793 2491 1074 2577 ἀριστοκρατικόν.

77 2596 190 2661 τούτων
214 2593 252 2662 δέ
274 2600 454 2681 μετιόντων
471 2598 533 2680 τήν
553 2597 659 2683 ἀρχήν
681 2599 823 2664 κωλύειν
846 2594 907 2682 μὲν
929 2597 990 2682 οὐχ
1009 2589 1079 2664 οἱοί

78 2695 100 2762 τ’
118 2696 201 2784 ἦσαν
218 2703 255 2768 οί
275 2705 457 2788 δημοτικοί,
479 2707 715 2781 καταλιπόντες
732 2700 770 2768 δέ
792 2705 849 2781 τὰς
869 2706 1077 2792 ἀρχαιρεσίας

79 2803 192 2893 ᾤχοντο
220 2807 256 2874 ἐκ
282 2819 342 2875 τοῦ
368 2811 496 2876 πεδίου.
541 2812 580 2876 τὸ
610 2811 673 2895 γδιρ
696 2819 754 2894 τής
776 2812 940 2894 λοχίτιδος
962 2809 1111 2896 ε’κκλή-6

81 2916 141 2990 σίας
158 2925 258 2997 κῦρος
276 2914 313 2980 ἐν
330 2926 401 2993 ταῖς
418 2920 645 3002 ψηφοφορίαις
662 2914 738 3001 περὶ
760 2919 839 2993 τοὺς
861 2916 1078 3004 ἐπιφανεστό-
1091 2941 1117 2981 ετ

80 3039 147 3096 τους
167 3016 210 3104 ήυ
232 3019 288 3086 καὶ
310 3023 351 3088 τδι
374 3032 487 3107 πρῶτα
508 3024 672 3107 τιμήματα
695 3025 839 3108 ἔχοντας,
862 3023 917 3089 καὶ
936 3025 1078 3090 σπάνιόν

81 3147 106 3187 τι
124 3121 175 3212 ήυ,
196 3127 214 3192 δ
237 3127 475 3214 ἐπεκύρουν
440 3152 458 3194 ο
495 3129 551 3193 διδι
574 3127 690 3212 μέσου·
714 3129 732 3195 ὁ
757 3126 795 3194 δὲ
816 3134 1003 3206 τελευταῖος
1023 3131 1078 3194 λό-

143 3325 174 3372 13
192 3319 332 3389 διανομήν
360 3319 383 3374 0
412 3335 482 3373 corr.
505 3319 610 3374 Reiske
685 3325 718 3374 15
738 3316 774 3396 όᾷ
776 3315 818 3374 στ’
843 3318 879 3372 διν
898 3319 972 3374 Prou
1046 3323 1079 3372 18

84 3390 260 3451 μετείναιΑΒ
332 3396 366 3444 23
385 3389 494 3463 ἀρχ<αι
489 3390 647 3481 >ρεσίαςΒ
720 3397 754 3446 25
773 3389 851 3460 παρὰ
865 3395 924 3452 τοῖς
942 3385 1080 3458 ἐπιφανε-

84 3457 217 3523 οτότοι.ςο
238 3459 341 3515 Reiske
414 3468 448 3516 26
466 3461 502 3516 τδι
520 3463 583 3516 add.
603 3462 625 3514 B
