2496 3878
511 159 671 210 -Ζ-
1053 161 1096 226 35

71 317 155 391 τοὺς
177 317 302 393 ἀλλους
324 315 453 402 ἐνῆγεν.
488 311 533 402 ῆν
551 313 589 383 δὲ
606 316 682 405 περὶ
700 319 804 386 αὐτὸν
822 317 948 408 ἑταιρία
970 323 1095 409 μεγάλη

69 419 162 487 νέων
190 421 356 507 εὐγενῶν,
383 415 434 501 οἷς
460 418 505 508 ῆν
526 425 567 489 τά
589 424 726 509 μέγιστα
747 428 911 511 τιμήματα
933 431 1018 512 βίων
1039 426 1094 496 καὶ

70 528 213 593 πελάται
238 527 356 614 συχνοὶ
378 533 615 614 συνεστηκότες
633 529 686 597 ἐπὶ
704 543 775 610 ταῖς
798 531 834 598 έκ
854 543 922 599 τῶν
940 533 1094 619 πολέμων

70 633 264 718 ὠφελείαις·
287 627 339 712 οἷς
360 634 578 722 ἐπαιρόμενος
596 637 794 724 ἐφρυάττετο
812 637 868 705 καλ
886 642 1034 727 λαμπρὸς
1050 635 1094 726 ῆν

68 738 124 804 καὶ
138 745 319 826 προῆλθεν
333 739 386 808 ἐπὶ
400 744 559 827 μήκιστον
573 743 773 830 ἐπιφανείας.
800 747 841 812 οὐ
854 747 920 831 μὴν
935 747 1093 834 εὐτυχοῦς
1105 727 1130 842 4,

68 869 106 928 γε
137 847 200 910 διὰ
233 857 337 914 ταῦτα
368 859 595 935 καταστροφῆς
626 853 737 936 ἔτυχε·
772 853 998 938 συναχθείσης
1028 854 1092 939 γὰρ

67 948 154 1038 ὑπὲρ
186 955 318 1020 τούτων
345 958 468 1039 βουλῆς
493 954 549 1021 καὶ
575 967 643 1022 τῶν
665 957 916 1043 πρεσβυτέρων,
943 959 988 1036 ὡς
1014 961 1093 1037 ίθος

66 1053 111 1141 ῆν
137 1059 277 1143 αὐτοῖς,
306 1061 446 1145 πρώτων
478 1060 743 1148 ἀποφηναμένων
774 1065 833 1142 τὰς
865 1061 993 1132 ἑαυτῶν
1020 1066 1092 1131 όιιι-

66 1169 182 1248 νοίας,
211 1164 252 1231 ἐν
278 1155 329 1243 οἷς
356 1164 397 1232 οὐ
424 1171 545 1233 πολλοί
568 1191 655 1246 τινες
682 1163 770 1253 ἦσαν
794 1169 830 1236 οί
849 1170 906 1248 τὰς
928 1173 1009 1238 κατὰ
1030 1179 1092 1238 τοῦ

67 1273 182 1355 δῆμον
206 1272 342 1356 γνώμας
364 1273 518 1360 ἄντικρυς
538 1272 790 1360 ἀγορεύσαντες,
811 1274 924 1362 ἐπειδὴ
943 1283 1089 1361 καθῆκεν
1105 1295 1130 1334 ¹⁰

14 1379 112 1455 ιεεεείς
130 1379 219 1454 τοὺς
231 1377 413 1464 νεωτέρους
431 1379 449 1446 ὁ
468 1382 578 1466 λόγος,
601 1381 818 1468 αἰτησάμενος
832 1381 986 1462 ἐξουσίαν
1002 1384 1090 1468 παρὰ

64 1495 132 1548 των
157 1483 301 1549 ὑπάτων
323 1487 428 1551 εἰπεῖν
450 1485 513 1552 ὅσα
535 1487 701 1572 βούλεται,
724 1484 779 1553 καὶ
802 1488 912 1574 τυχὼν
931 1487 1106 1572 ἐπισημα-ι

63 1594 139 1667 σίας
173 1613 213 1656 τε
242 1591 385 1674 μεγάλης
411 1589 466 1657 καλ
497 1601 663 1679 προσοχῆς
696 1597 799 1678 λόγον
827 1592 980 1678 διεξῆλθε
1008 1597 1089 1660 κατὰ

63 1707 124 1762 τοῦ
149 1697 268 1780 δῆμον
290 1698 431 1762 τοιόνδε.

130 1801 245 1867 XXII.
278 1800 347 1866 Ὅτι
371 1798 432 1886 μὲν
459 1801 521 1889 οὐχ
548 1800 604 1870 ὑπ’
631 1803 775 1889 ἀνάγκης
804 1827 838 1872 τε
866 1804 922 1872 καὶ
949 1804 1088 1894 ἀπορίας
1102 1821 1127 1862 1⁵

2 1921 3 1924 ’
64 1906 224 1993 βιασθεὶς
245 1909 264 1975 ὁ
284 1909 387 1994 δῆμος
405 1907 581 1995 ἐποιήσατο
599 1911 661 1995 την
679 1909 872 1996 ἀπόστασιν,
895 1907 921 1977 ὦ
940 1909 1087 1998 πατέρες,

64 2015 147 2081 ἀλλά
172 2024 312 2102 πονηρᾷ
336 2015 444 2081 ἐλπίδι
468 2013 624 2102 ἐπαρθεὶς
646 2017 691 2094 ὡς
712 2019 909 2085 καταλύσων
931 2020 993 2104 την
1015 2017 1087 2105 ἀρι-
1134 2048 1145 2072 ·

66 2124 271 2208 στοκρατίαν
293 2121 388 2206 ὑμῶν
406 2121 460 2188 καί
482 2123 617 2189 πάντων
636 2123 735 2202 αὐτὸς
753 2123 910 2210 ἐσόμενος
932 2135 1000 2190 τῶν
1018 2149 1087 2190 κοι-

64 2239 131 2293 νῶν
159 2229 299 2313 κύριος,
326 2228 446 2314 σχεάὸν
473 2224 565 2312 οἶμαι
591 2229 716 2307 πάντας
741 2229 827 2314 ὑμᾶς
849 2228 1023 2316 ᾐσθῆσθαι
1046 2229 1086 2294 τά

65 2331 137 2418 περὶ
160 2334 226 2410 τάς
250 2333 429 2416 διαλλαγὰς
451 2333 554 2400 αὐτοῦ
580 2337 846 2420 πλεονεκτήματα
868 2335 1029 2421 ὁρῶντας·
1057 2327 1126 2421 93¹⁰

65 2437 92 2520 γ’
119 2440 187 2505 οὐκ
212 2435 377 2525 ἀπέχρησε
401 2440 633 2526 διαφθείραντι
655 2443 717 2525 τὴν
736 2438 875 2527 περὶτὰ
899 2441 1085 2524 συμβόλαια

64 2549 177 2610 πίστιν
202 2542 261 2609 καὶ
287 2547 365 2621 τοὺς
392 2542 445 2610 ἐπὶ
467 2547 568 2632 ταότη
590 2544 763 2630 κειμένους
785 2545 937 2612 ἀνελόντι
960 2548 1086 2629 νόμους

66 2648 174 2735 μηθὲν
189 2651 276 2717 ἄλλο
294 2657 597 2738 πολυπραγμονεῖν,
614 2654 735 2738 καινὴν
749 2649 787 2718 ἀὲ
799 2653 1086 2738 καταστησάμενος

66 2757 168 2842 ἀρχὴν
200 2754 258 2822 ἐπὶ
284 2765 330 2844 τῷ
361 2763 518 2823 καθελεῖν
544 2758 606 2842 τὴν
637 2769 705 2824 τῶν
735 2759 871 2825 ὑπάτων
907 2759 999 2846 ίεράν
1030 2758 1085 2825 καὶ

67 2863 193 2928 ἀσολον
208 2860 365 2946 ἐποίησεν
379 2864 484 2948 αὐτὴν
497 2866 602 2952 νόμῳ,
619 2861 675 2930 καὶ
692 2873 757 2930 νῦν
770 2866 974 2950 τυραννικὴν
993 2864 1084 2944 ἕξου-
1097 2877 1125 2917 ²⁶

69 2973 139 3034 σίων
162 2970 463 3054 περιβαλλόμενος,
491 2964 517 3034 ὦ
540 2973 662 3055 βουλή,
685 2979 731 3058 τῷ
754 2968 873 3036 νεωστί
896 2969 1084 3056 κυρωθέντι

25 3077 154 3165 θεονόμφ
181 3073 329 3158 λέληθεν
350 3073 444 3158 ὑμᾶς.
481 3073 561 3141 ὅταν
583 3077 647 3162 γάρ
666 3073 716 3141 ἐπ’
740 3075 890 3154 ἐξουσίας
907 3082 1032 3161 πολλῆς
1049 3077 1085 3142 oc
1096 3080 1117 3143 2

133 3263 281 3334 θονχνολ.
301 3263 324 3317 Β
342 3279 399 3317 una
417 3264 473 3320 litt.
492 3281 574 3320 erasa
627 3267 780 3336 επρώτων
798 3267 821 3321 Β
839 3275 951 3337 πρῶτον
969 3266 995 3319 R
1049 3272 1081 3320 12

72 3330 231 3406 ίτισημείας
251 3336 276 3388 Α
294 3329 478 3404 ἐπισημασίας
496 3338 517 3390 Β
536 3336 653 3406 ἡσυχίας
672 3337 692 3392 C
764 3343 798 3390 λθ
816 3337 919 3404 καινὴν
939 3335 962 3389 Β
981 3335 1081 3403 κοινὴν

73 3405 93 3457 R
159 3414 197 3461 26
216 3406 519 3479 περιβαλλόμενοςΒο
538 3406 757 3480 περιβαλόμενος
774 3407 800 3459 R

883 3491 918 3543 3*
