2538 3884
528 217 694 271 -Θ-
1052 217 1118 282 343

98 377 251 464 μάρχους
274 377 479 464 ἐπεκαλεῖτο,
500 382 567 464 καί,
589 385 625 444 εί
642 402 674 445 τι
697 378 817 464 ἀδικεῖ,
839 383 951 466 κρίσιν
974 377 1028 445 ἐπὶ
1050 391 1118 446 τῶν

99 483 260 568 δημοτῶν
288 482 423 570 ὑπέχειν
451 485 556 569 ήξίου.
606 485 651 562 ὡς
680 481 713 550 δ’
746 485 787 552 οὐ
816 497 995 572 προσεῖχον
1025 487 1115 575 αὐτῷ

98 591 161 655 τὸν
189 600 275 655 νοῦν
302 592 338 656 οί
357 591 494 674 ύπατοι,
521 590 606 657 ἀλλὰ
628 601 700 669 τοῖς
722 591 921 678 ῥαβδούχοις
944 593 1039 676 ἄγειν
1061 591 1116 659 καὶ

99 697 239 762 τύπτειν
262 696 505 781 ἐπεκελεύοντο,
528 697 589 764 οὐκ
607 699 788 785 ἀνασχετὸν
805 698 1013 784 ἡγησάμενος
1030 695 1117 765 εἶναι

98 802 163 885 τήν
186 802 287 888 ὕβριν
310 803 410 878 αὐτὸς
433 800 538 890 ἑαυτῷ
561 806 678 888 ταμίας
700 813 758 888 τῆς
776 805 870 888 δίκης
887 808 1020 888 γίνεται.
1057 794 1158 908 τόν3ὃ

30 925 134 974 ιεευτε
166 909 231 994 γάρ
261 920 393 994 πρῶτον
422 913 653 994 προσελθόντα
683 921 751 976 τῶν
781 910 979 997 ῥαβδούχων
1008 915 1117 978 παίων

99 1017 148 1091 είς
172 1017 210 1082 τὸ
233 1017 413 1100 πρόσωπον
436 1013 603 1093 ἐναντίαις
624 1027 770 1101 πυγμαῖς
789 1019 923 1093 νεανίας
940 1015 996 1082 καλ
1014 1017 1117 1104 ἐρρω-

99 1120 202 1206 μένος
230 1120 315 1207 ἀνήρ
338 1119 513 1207 ἀνατρέπει
536 1120 590 1187 καὶ
612 1124 673 1188 τὸν
696 1120 749 1188 ἐπλ
771 1123 888 1212 τούτῳ.
934 1122 1117 1210 ἀγανακτη-

99 1228 234 1292 σάντων
258 1223 295 1292 δέ
317 1239 385 1293 τῶν
408 1227 543 1293 ὑπάτων
565 1226 621 1293 καὶ
643 1238 745 1294 πᾶσιν
768 1229 835 1313 ἄμα
853 1240 922 1306 τοῖς
939 1229 1118 1316 ὑπηρέταις

98 1339 304 1421 προσελθεῖν
330 1335 559 1400 κελευσάντων
587 1336 702 1402 δεινόν
729 1359 761 1400 τι
788 1347 857 1413 τοῖς
880 1347 1024 1421 παροῦσι
1047 1349 1114 1403 τῶν
1129 1363 1157 1402 ιο

100 1443 290 1526 δημοτικῶν
309 1439 429 1525 ἐφάνη·
449 1438 504 1506 καλ
523 1439 640 1506 αὐτίκα
658 1438 901 1525 συστραφέντες
919 1440 1041 1526 ἀθρόοι
1059 1441 1115 1508 καλ

99 1546 347 1632 άναβοήσαντες
369 1550 407 1612 τὸ
427 1549 671 1632 παρακλητικὸν
689 1555 747 1630 τής
765 1545 918 1630 ἀλλήλων
938 1547 1038 1634 ὀργῆς
1055 1552 1116 1614 τόν

99 1677 134 1718 τε
157 1656 337 1719 νεανίσκον
359 1649 546 1739 ἐξήρπασαν
569 1651 723 1730 καὶτοὺς
746 1652 954 1739 ῥαβδούχους
977 1651 1117 1740 ἀπέστη-

101 1776 164 1825 σαν
186 1762 341 1835 παίοντες
363 1756 418 1824 καλ
440 1763 653 1835 τελευτῶντες
676 1756 730 1823 ἐπὶ
747 1760 826 1836 τοὺς
843 1760 989 1837 ὑπάτους
1007 1761 1116 1846 ὥρμη-

101 1884 181 1950 σαν,
203 1863 259 1930 καὶ
281 1866 313 1930 εί
334 1866 378 1949 μή
401 1866 635 1941 καταλιπόντες
657 1863 779 1930 ἐκεῖνοι
802 1867 862 1950 τήν
886 1865 1013 1952 ἀγοράν
1035 1871 1116 1954 ἐφυ-
1129 1892 1157 1932 ιε

100 1997 174 2056 γον,
193 1970 376 2054 ἀνήκεστον
393 1972 436 2035 ἄν
453 1994 485 2035 τι
503 1972 606 2036 κακὸν
621 1968 863 2054 ἐξειργάσαντο.
891 1972 927 2038 ἐκ
942 1969 980 2038 δέ
993 1975 1114 2041 τούτου
1128 1983 1151 2046 4

101 2079 278 2161 διειστήκει
301 2085 390 2142 πᾶσα
412 2075 433 2159 ή
456 2079 562 2160 πόλις,
584 2073 640 2141 καλ
662 2076 698 2142 οί
717 2074 799 2154 τέως
820 2077 1038 2163 ήσυχάζοντες
1056 2081 1115 2164 δή-

100 2207 220 2270 μαρχοι
249 2180 316 2249 τότ’
347 2183 526 2268 ήγριοῦντο
555 2180 611 2248 καλ
640 2193 707 2247 τῶν
734 2181 870 2248 ὑπάτων
897 2187 1115 2269 κατηγόρουν.

99 2291 317 2374 περιειστήκει
340 2311 375 2354 τε
397 2290 418 2373 ή
441 2286 517 2375 περλ
539 2297 597 2372 τής
619 2289 818 2373 κληρουχίας
841 2287 954 2365 στάσις
977 2292 1024 2366 είς
1046 2289 1114 2356 ἐτε-

100 2420 161 2483 ρον
184 2399 319 2480 μείζονα
342 2395 412 2476 [διά
435 2397 507 2476 τὸν]
531 2390 614 2479 ὑπὲρ
637 2403 697 2460 τοῦ
720 2397 847 2478 κόσμον
870 2403 928 2478 τῆς
948 2400 1114 2474 πολιτείας
1127 2424 1157 2462 το

37 2502 222 2586 ιεειάγῶνα.
269 2501 304 2567 οί
332 2504 393 2586 μέν
422 2525 460 2585 γε
488 2503 655 2587 πατρίκιοι
684 2511 753 2576 τοῖς
781 2499 918 2577 ὑπάτοις
946 2503 991 2578 ὡς
1016 2526 1114 2568 κατα-

101 2607 265 2691 λυομένης
294 2607 404 2674 αύτῶν
434 2617 491 2692 τής
521 2607 671 2688 ἐξουσίας
701 2616 1027 2690 συναγανακτοῦντες
1053 2612 1114 2675 τὸν

101 2713 270 2798 ἐπιβαλεῖν
301 2713 456 2800 <χεῖρας>
487 2724 557 2789 τοῖς
587 2710 765 2797 ὑπηρέταις
795 2714 1004 2795 τολμήσαντα
1031 2715 1113 2780 κατά

99 2827 249 2905 κρημνοῦ
272 2822 388 2903 βαλεῖν
409 2817 536 2902 ήξίουν.
573 2819 609 2884 oc
625 2814 662 2883 δέ
681 2816 853 2903 δημοτικοὶ
872 2819 1150 2903 σνστρέύαντεςῦ

100 2926 220 3003 αὑτοὺς
242 2926 411 3009 κατεβόων
433 2947 468 2988 τε
492 2921 547 2989 καλ
569 2925 829 3010 παρεκελεύοντο
850 2926 895 3009 μή
914 2928 1113 3010 προδιδόναι
1127 2952 1153 2992 25

170 3123 259 3186 ῦτής
277 3117 358 3185 δίκης
376 3115 482 3172 add.B
568 3121 677 3170 9πᾶοι
694 3122 752 3178 τοῖς
769 3117 817 3171 Ba
903 3122 937 3173 10
960 3137 987 3171 τι
1005 3118 1112 3173 add.B

101 3195 133 3244 18
150 3185 344 3312 hyot<ofiss>vw
362 3187 409 3240 Bb
466 3192 499 3241 19
518 3186 612 3248 στάσις
630 3186 695 3242 add.
710 3185 784 3256 Cmg
803 3189 832 3241 et
850 3187 972 3255 Sylburg
991 3190 996 3256 Ι
1016 3187 1113 3257 ἕτερον

101 3253 242 3328 Οέτέραν
285 3256 405 3327 iessling
477 3263 511 3312 20
530 3261 623 3328 μεῖζον
644 3258 707 3328 Ba!
728 3257 777 3312 διά
795 3257 844 3312 τὸν
863 3257 918 3311 del.
938 3256 1026 3311 Cobet
1045 3258 1111 3314 Obs.

99 3349 125 3400 p.
145 3335 197 3384 180
306 3334 339 3383 23
369 3327 528 3402 ἐπιβάλλειν
550 3328 627 3382 ABb
656 3324 799 3401 ἐπιβαλεῖν
822 3327 872 3389 τάς
894 3333 988 3399 χεῖρας
1006 3335 1064 3390 τοῖς
1088 3347 1111 3386 ο.

99 3401 202 3456 Reiske
228 3394 373 3473 ἐπιβαλεῖν
396 3406 491 3471 χεῖρας
512 3421 535 3454 τ.
560 3416 583 3454 ο.
602 3399 692 3454 Cobet
712 3399 778 3454 Obs.
796 3417 824 3468 p,
846 3404 894 3453 181
1003 3405 1037 3454 25
1062 3402 1114 3456 αῦ-

99 3474 162 3535 τοὺς
179 3472 202 3526 Β
