2484 3876
572 181 736 230 ..z-

116 339 310 424 4δέδεγμαι
333 340 460 414 ταύτας.
498 337 597 414 αὐτὸς
619 334 649 403 δ’
672 336 793 404 ἐκτῶν
812 338 928 404 ὕπνων
946 339 1071 422 ἔφησεν
1092 334 1186 400 ἀνα-

150 446 229 522 στάς
254 442 331 529 παρ’
359 440 460 510 οὐδὲν
486 443 677 530 ἡγήσασθαι
703 446 741 510 τὸ
765 446 864 530 ὀναρ,
893 441 963 509 ἀλλ’
986 443 1023 510 ἕν
1046 465 1081 508 τι
1105 450 1185 504 τῶν

150 556 283 620 πολλῶν
310 549 365 618 καὶ
393 549 569 634 ἀπατηλῶν
592 550 784 635 ὑπολαβεῖν.
830 547 929 616 ἔπειτ’
955 551 1043 636 αὐτῷ
1067 548 1186 614 πάλιν

150 658 232 722 κατὰ
259 660 337 734 τοὺς
363 657 491 734 ὕπνους
518 653 679 742 ἐπιφανὲν
705 657 805 722 ταύτὸ
832 658 974 722 εἰδωλον
1001 664 1061 721 τοῦ
1084 660 1187 720 θεοῦ

124 766 362 849 τχαλεπαίνειν
382 787 417 830 τε
435 760 491 828 καί
509 763 718 846 ἀγανακτεῖν,
741 763 791 828 ὅτι
811 763 873 829 οὐκ
891 761 1068 846 ἀπήγγειλε
1087 763 1236 846 πρὸς14ῖ

150 871 212 954 τήν
235 871 363 955 βουλήν
384 870 425 934 τὰ
447 867 680 953 κελευσθέντα,
704 866 758 934 καί
776 867 937 952 ἀπειλεῖν,
958 870 990 934 εἰ
1006 869 1051 952 μή
1071 877 1184 934 τοῦτο

151 977 267 1060 δράσει
295 977 351 1041 διὰ
378 974 520 1060 ταχέων,
548 976 599 1040 ὅτι
627 979 690 1040 σὺν
717 975 848 1064 μεγάλφ
871 975 1055 1059 μαθήσεται
1080 983 1184 1061 κακῷ

151 1085 195 1168 μὴ
222 1082 398 1165 ὀλιγωρεῖν
421 1091 488 1146 τῶν
512 1082 705 1165 δαιμονίων.
753 1082 836 1146 ἰδὼν
861 1076 898 1145 δὲ
920 1077 976 1145 καί
998 1082 1036 1146 τὸ
1058 1080 1186 1145 δεύτε-

151 1211 213 1274 ρον
232 1189 327 1270 ὀναρ,
344 1187 406 1270 τήν
424 1187 530 1271 αὐτήν
549 1190 613 1272 ἔφη
626 1189 831 1270 ποιήσασθαι
846 1184 922 1271 περὶ
938 1186 1041 1253 αὐτοῦ
1055 1185 1184 1271 δόξαν,

111 1319 138 1360 ιο
150 1290 206 1358 καί
229 1293 296 1376 ἀμα
319 1290 363 1357 δι’
388 1294 547 1378 αἰσχύνης
571 1295 686 1378 [ἔχειν]
710 1296 748 1359 τὸ
771 1301 905 1378 πρᾶγμα
929 1297 1058 1377 λαβεῖν,
1082 1291 1182 1380 ἀνὴρ
1235 1289 1236 1350 λ

150 1400 335 1486 αὐτουργὸς
357 1396 412 1464 καί
435 1398 543 1486 γέρων
566 1399 720 1486 ὀνείρατα
741 1401 824 1486 πρὸς
846 1401 907 1484 τήν
928 1400 1055 1483 βουλήν
1074 1397 1183 1484 έκφέ-

151 1530 224 1593 ρειν
246 1506 372 1582 ὀττείας
394 1504 449 1571 καὶ
468 1506 633 1590 δειμάτων
652 1507 765 1590 μεστάς
788 1507 833 1591 μή
852 1503 907 1572 καὶ
926 1504 1051 1588 γέλωτα
1071 1507 1179 1592 ὄφλῃ.
1235 1563 1236 1584 ,

115 1613 136 1678 5
152 1613 279 1696 ὀλίγαις
298 1609 328 1676 δ’
346 1611 487 1698 ὕστερον
504 1611 643 1697 ἡμέραις
660 1614 719 1678 τὸν
737 1612 814 1677 νίόν
832 1611 937 1678 αὐτοῦ
950 1610 1029 1677 νέον
1043 1611 1181 1696 <ὀντα>

150 1717 206 1784 καὶ
228 1721 332 1784 καλὸν
355 1718 432 1783 οὔτε
450 1718 516 1783 ὑπὸ
534 1721 646 1784 νόσων
665 1718 741 1784 οὔτε
760 1715 817 1784 ὑπ’
835 1719 937 1802 ἀλλης
955 1719 1045 1794 τινὸς
1062 1719 1182 1795 αἰτίας
1235 1747 1236 1792 η

112 1851 138 1892 15
152 1833 299 1911 φανερᾶς
316 1822 572 1909 ἀναρπασθέντα
591 1825 767 1910 αἰφνιδίως
781 1823 980 1904 ἀποθανεῖν·
999 1821 1054 1890 καί
1068 1817 1182 1902 αὖθις
1235 1845 1236 1904 j

150 1933 213 2014 τήν
239 1940 300 1997 τοῦ
326 1937 411 1997 θεοῦ
439 1934 518 2010 ὀψιν
545 1942 710 2017 φανεῖσαν
738 1930 775 1997 έν
797 1942 867 2007 τοῖς
888 1931 1008 2008 ὕπνοις
1030 1932 1180 2015 δηλοῦν,
1235 1967 1236 2030 ρ

151 2038 203 2103 ὅτι
230 2045 287 2121 τῆς
313 2038 496 2120 ὑπεροψίας
517 2035 574 2103 καί
595 2047 653 2122 τῆς
675 2041 952 2123 καταφρονήσεως
973 2047 1040 2103 τῶν
1063 2037 1178 2104 αὐτοῦ
1235 2067 1236 2098 ;

151 2147 261 2228 λόγων
284 2145 349 2228 τήν
367 2141 429 2228 μὲν
447 2146 512 2229 ήδη
532 2141 656 2209 δέδωκε
674 2145 772 2228 δίκην
790 2145 850 2209 τὸν
867 2145 945 2210 υἰδν
963 2143 1179 2229 ἀφαιρεθείς,

117 2252 209 2328 6τάς
236 2247 267 2315 δ’
295 2250 410 2334 ὀλίγον
437 2250 579 2334 ὕστερον
603 2250 711 2314 δώσει.
757 2258 858 2314 ταῦτα
881 2245 911 2315 δ’
935 2248 1079 2326 ἀκούσας
1103 2245 1236 2334 ἔφη14ῖί

111 2386 138 2424 ω
151 2355 229 2424 καθ’
257 2355 397 2441 ἡδονήν,
413 2354 582 2436 δέξασθαι1
599 2357 659 2420 τὸν
685 2356 803 2437 λόγον,
830 2355 862 2418 εἰ
885 2351 1000 2439 μέλλοι
1022 2355 1178 2434 θάνατος
1235 2379 1236 2434 5

152 2464 240 2552 αὐτῷ
265 2463 460 2529 ἐλεύσεσθαι
482 2463 727 2547 παρημεληκότι
749 2468 810 2525 τοῦ
833 2462 924 2544 βίον·
947 2463 1006 2527 τὸν
1028 2457 1066 2526 δέ
1084 2465 1177 2529 θεὸν

152 2570 193 2635 οὐ
222 2571 346 2653 ταύτην
376 2570 464 2656 αότςό
495 2573 695 2652 προσθεῖναι
724 2567 785 2650 τήν
812 2570 990 2652 τιμωρίαν,
1019 2565 1092 2634 ἀλλ’
1122 2572 1176 2647 εἰς
1235 2579 1236 2642 λ

151 2675 279 2739 ἅπαντα
309 2676 363 2739 τάΙ
379 2671 461 2757 μέλη
491 2683 552 2738 τοῦ
582 2674 731 2757 σώματος
758 2671 947 2757 ἀφορήτους
973 2671 1028 2738 καί
1057 2675 1176 2752 δεινοῖς
1235 2739 1236 2746 ,

151 2778 308 2863 ἐμβαλεῖν
331 2777 529 2863 ἀλγηδόνας,
551 2779 634 2842 ὥστε
657 2773 762 2862 μηδὲν
781 2779 911 2863 ἀρθρον
930 2779 1012 2844 ἀνευ
1029 2781 1174 2846 κατατά-
1235 2785 1236 2848 3

113 2912 138 2954 τε
153 2904 236 2962 σεως
262 2891 320 2968 τῆς
347 2883 485 2970 έσχάτης
507 2885 675 2949 δύνασθαι
697 2893 812 2948 κινεῖν.
858 2887 931 2949 τότε
956 2886 998 2970 δή
1021 2897 1091 2962 τοῖς
1114 2891 1173 2972 φί-
1235 2877 1236 2958 ἰ

225 3085 237 3130 1
257 3077 273 3109 *
287 3072 342 3145 ἔφη
362 3074 385 3130 Ο
405 3072 511 3144 ἔφησεν
529 3072 636 3129 correxi
709 3079 725 3128 8
744 3074 793 3128 καλ
812 3074 945 3146 δεύτερον
964 3075 995 3130 τὸ
1015 3075 1084 3146 ὀναρ
1106 3076 1173 3132 Sin·
1235 3095 1236 3148 γ

151 3145 226 3202 benis
244 3148 304 3201 Em.
325 3145 405 3200 Dion.
426 3146 465 3200 III
481 3153 513 3201 16
586 3151 619 3200 10
639 3141 714 3215 ἔχειν
733 3145 787 3199 del.
806 3145 910 3200 Reisko
985 3154 1013 3200 11
1036 3142 1173 3218 ἐκφέρειν
1235 3159 1236 3216 ξ

152 3214 324 3290 Οέκῖγέρων
342 3235 365 3272 ο.
380 3218 447 3272 Reiz
466 3217 504 3271 ad
521 3215 637 3272 Lucian.
656 3216 727 3270 rhet=⁸
747 3232 840 3284 praec.
860 3223 894 3270 24
960 3223 992 3271 13
1012 3217 1080 3272 ὅντα
1102 3219 1171 3274 add.
1235 3233 1236 3248 λ

151 3288 254 3343 Reiske
314 3295 347 3342 15
367 3285 605 3357 σοναρπασθέντα
624 3287 646 3340 0
666 3296 735 3340 corr.
755 3285 899 3355 Kiessling
960 3293 993 3342 16
1012 3287 1171 3362 <ὀηιιν>Β

153 3365 186 3412 17
206 3359 255 3412 καῖ
273 3375 326 3413 om.
346 3359 369 3412 B
443 3364 476 3411 22
495 3361 649 3428 προθεῖναι
667 3373 690 3410 ο.
704 3355 849 3426 Kiessling
920 3363 956 3411 24
974 3359 1172 3424 καταστάσεως

155 3427 177 3481 0
198 3443 266 3480 corr.
282 3429 404 3497 Sylburg
