2538 3884
496 241 663 294 -ο-
1022 235 1087 308 σοι

73 403 204 486 χωρίων
223 403 367 490 νόκτωρ,
385 400 440 468 καὶ
459 401 564 489 ἕτεροι
582 403 640 480 τὰς
655 400 870 489 ὑπερδεξίους
883 413 951 469 τῶν
964 404 1089 470 πεδίων

72 507 383 592 καταλαμβάνονται
412 508 563 586 σκοπιάς·
590 516 630 594 τῇ
660 505 691 572 δ’
717 505 790 592 ἑξῆς
816 507 922 596 ἡμέρᾳ
944 509 1090 596 προπέμ-

72 623 196 690 ψαντες
219 614 354 697 ὀλίγους
376 615 469 691 τινὰς
491 613 664 698 ἐνόπλους,
687 615 732 692 ὡς
755 615 797 700 δη
820 620 971 700 φυλακῆς
993 614 1089 681 ἕνεκα

72 728 138 784 τῶν
165 716 316 803 νομέων,
343 718 478 806 ἀφηκαν
504 719 541 785 έκ
567 731 635 786 τῶν
660 724 791 808 χωρίων
813 721 939 797 πολλὰς
961 720 1089 804 ἀγέλας.

72 825 116 901 ὡς
138 819 171 890 δ’
194 823 361 910 ἀπηγγέλη
385 837 453 904 τοῖς
477 829 628 910 Φαβίοις,
651 826 702 892 ότι
725 829 803 903 τοδς
825 827 968 910 πλησίον
988 812 1129 926 ὑπερ-3δ

70 933 232 1014 βαλόντες
255 935 381 1016 λόφους
399 931 436 998 έν
455 933 556 1022 όλίγφ
577 933 618 1017 δή
637 955 704 998 τινι
723 935 833 1023 χρόνῳ
853 935 974 1017 μεστὸν
991 933 1089 1020 εὑρη-

71 1053 169 1102 σαυσι
188 1039 227 1103 τὸ
245 1039 362 1103 πεδίον
379 1041 549 1104 παντοίων
566 1042 689 1124 βοτῶν,
706 1036 762 1103 καλ
779 1040 841 1122 την
855 1037 1089 1123 φυλάττουσαν

70 1143 154 1208 αὐτὰ
178 1153 273 1229 χεῖρα
295 1143 357 1230 οὐχ
381 1144 511 1230 ίκανην,
534 1143 676 1232 ἐξῆλθον
699 1143 736 1209 ἐκ
758 1153 819 1210 τοῦ
841 1147 1007 1232 φρουρίου
1025 1169 1088 1230 φυ-

69 1251 177 1334 λακην
195 1251 256 1334 την
275 1248 444 1336 ἀρκοῦσαν
463 1249 501 1316 έν
519 1250 608 1338 αὐτῷ
628 1253 878 1328 καταλιπόντες·
901 1247 956 1316 καί
975 1251 1096 1317 διανό-’

72 1373 191 1432 σαντες
218 1358 348 1442 σπουδῇ
376 1355 431 1422 καὶ
454 1358 534 1442 μετὰ
551 1360 747 1450 προθυμίας
768 1358 830 1440 τὴν
853 1357 935 1423 ὁδὸν
958 1355 1089 1442 έπιφαί-
1103 1381 1128 1425 ω
1262 1371 1263 1376 ’

71 1485 191 1528 νονται
221 1473 292 1539 τοῖς
323 1462 446 1547 φύλαξι
477 1473 545 1529 τῶν
572 1463 791 1548 βοσκημάτων
819 1463 1087 1547 συντεταγμένοι·

71 1567 221 1634 κάκεῖνοι
246 1567 287 1633 οὐ
310 1567 484 1653 δεξάμενοι
507 1569 630 1646 αὐτοὺς
651 1572 804 1655 ἔφευγον.
840 1569 876 1634 οί
896 1565 933 1632 δὲ
953 1568 1089 1654 Φάβιοι,

72 1674 119 1749 ὡς
141 1671 180 1738 έν
202 1671 348 1759 ἀσφαλεῖ
368 1676 409 1758 δὴ
430 1678 534 1760 όντες,
557 1677 635 1752 τούς
653 1698 687 1741 τε
705 1685 819 1759 νομεῖς
837 1674 1089 1759 συνελάμβανον

13 1776 128 1844 τινικαὶ
150 1779 192 1844 τδι
215 1781 406 1865 βοσκήματα
429 1783 662 1865 περιήλαυνον.
699 1779 736 1846 έν
760 1777 797 1846 δδ
819 1781 925 1870 τούτῳ
948 1783 984 1848 οί
1004 1785 1125 1868 nm

74 1882 171 1970 ρηνοδ
203 1884 240 1951 έκ
269 1894 327 1969 τῆς
354 1884 490 1971 ἐνέδρας
517 1885 716 1964 ἀναστάντες
742 1889 824 1953 κατὰ
851 1888 958 1954 πολλὰ
985 1891 1089 1974 χωρία
1104 1909 1129 1951 ιε

72 1993 339 2076 προσπίπτουσιν
357 1993 472 2069 αὐτοῖς
489 1995 709 2077 πανταχόθεν.
741 1991 797 2059 καί
820 1993 856 2058 οί
875 1990 937 2077 μέν
955 1997 1090 2071 πλείους

73 2108 140 2162 τῶν
158 2094 330 2181 Ῥωμαίων
353 2097 588 2183 ἐσκεδασμένοι
610 2097 666 2165 καί
689 2098 844 2182 ἀλλήλοις
865 2098 1005 2184 ἀμύνειν
1028 2099 1088 2184 οὐχ

74 2194 143 2269 οἷοί
171 2200 200 2268 τ’
235 2205 342 2289 ὄντες,
378 2199 514 2271 ἐνταῦθ’
548 2204 760 2271 ἀπόλλυνται.
812 2204 885 2270 ὅσοι
917 2202 948 2270 δ’
978 2205 1089 2270 αὐτῶν

73 2313 312 2392 συνεστηκότες
347 2306 433 2395 ἦσαν
468 2312 748 2398 προθυμούμενοί
776 2333 808 2375 τι
844 2308 1089 2395 καταλαβέσθαι

72 2417 198 2501 χωρίον
217 2413 363 2501 ἀσφαλές
380 2415 436 2482 καί
453 2420 537 2505 πρὸς
554 2419 595 2483 τά
614 2419 675 2502 όρη
695 2418 894 2494 σπεύδοντες
913 2419 959 2493 είς
976 2415 1088 2504 ἕτερον
1103 2439 1130 2479 ιο

73 2521 274 2606 ἐμπίπτουσι
296 2524 397 2608 λόχον
421 2523 458 2588 έν
480 2523 576 2601 ὕλαις
598 2521 655 2589 καί
677 2524 798 2601 νάπαις
819 2523 1088 2607 ὑποκαθήμενον.

72 2625 127 2692 καὶ
145 2629 275 2710 γίνεται
293 2626 403 2692 αὐτῶν
422 2629 507 2714 μάχη
526 2629 667 2715 καρτερὰ
685 2626 741 2694 καὶ
758 2631 863 2714 φόνος
878 2626 910 2707 έξ
926 2626 1089 2715 ἑκατέρων

71 2734 186 2810 πολύς.
225 2731 417 2800 ἀπεώσαντο
441 2732 471 2798 δ’
495 2728 558 2800 οὖν
581 2731 636 2800 καὶ
658 2736 797 2812 τούτους
815 2735 914 2820 ὅμως,
937 2732 992 2800 καὶ
1009 2740 1090 2820 πλη-

72 2841 240 2923 ρώσαντες
268 2838 330 2921 τὴν
355 2839 511 2926 φάραγγα
538 2849 666 2922 νεκρῶν
695 2837 884 2927 ἀνέδραμον
907 2840 959 2907 έπὶ
983 2846 1090 2928 λόφον

72 2946 113 3010 οὐ
141 2941 264 3030 ῥᾴδιον
291 2943 429 3011 διλῶναι·
463 2945 499 3012 ἐν
527 2939 553 3033 ᾧ
578 2946 639 3028 τὴν
662 2944 821 3012 έπιοῦσαν
844 2948 948 3013 νόκτα
971 2950 1090 3034 ἀποροι
1104 2973 1130 3014 ω

71 3062 139 3116 τῶν
163 3049 357 3133 ἀναγκαίων
379 3051 569 3134 ηὐλίσαντο.

143 3213 160 3261 2
182 3205 290 3268 σκοπάς
304 3206 327 3261 0
343 3237 376 3248 -
392 3207 510 3270 σκοπιὰς
524 3207 626 3262 Suidas
642 3225 664 3262 ε.
674 3227 699 3264 v.
715 3210 873 3263 σκοπιαί-
888 3224 957 3265 corr.
967 3207 1087 3280 Reiskefl

70 3276 311 3360 προσπέμψαντος
328 3277 375 3330 Ba
474 3285 499 3361 '4
523 3273 628 3333 ἐκτῶν
647 3281 790 3351 φρουρίων
810 3279 833 3333 0
857 3274 889 3333 έκ
906 3286 962 3333 τῶν
980 3281 1089 3349 χωρίων

71 3347 147 3418 Cmg
171 3349 201 3403 et
221 3347 426 3404 SmtenisEm.
446 3348 639 3404 D10n.11115
729 3358 745 3405 5
769 3347 934 3420 ἀπηγγέλθη
958 3366 980 3403 ο.
1002 3348 1090 3406 Cobet

71 3420 254 3544 Θόαρόλλό
324 3421 452 3474 Βαότόιν
470 3419 648 3476 ΒοαότδΒ
721 3427 753 3476 16
773 3423 869 3484 αὐτοῖς
887 3420 982 3476 om.B
1055 3427 1090 3476 23

71 3491 145 3561 ὅμως
193 3506 212 3546 a
231 3489 315 3560 ὁμόσε
334 3490 410 3543 ABb
483 3495 519 3546 24
537 3490 669 3561 φάλαγγα
689 3491 711 3546 0
731 3508 800 3546 corr.
816 3491 937 3562 Sylburg
