2496 3878
524 195 686 244 -Ζ-
1068 181 1116 256 25‘

75 348 138 416 καὶ
163 349 350 438 ὑποσχέσει
373 353 483 438 ἔργων
501 350 556 417 καί
574 356 653 432 τοὺς
669 354 834 439 ἡγεμόνας
853 354 958 420 αὐτοῦ
976 376 1113 438 μετριω-

76 455 209 540 τέρους
225 459 505 544 παρασκευάζειν,
525 457 679 537 τιθέντας
696 462 743 538 είς
760 459 863 544 μέσον
880 461 920 526 τὰ
937 461 1112 546 πράγματα

78 561 138 629 καὶ
166 565 255 648 μετὰ
285 575 381 650 σφῶν
412 560 497 650 ὑπὲρ
529 575 589 630 τοῦ
621 574 718 651 κοινῇ
750 564 978 654 συμφέροντος
1008 585 1112 651 παρα-

77 675 280 747 καλοῦντας
302 681 450 736 σκοπείν.
486 683 553 737 τῶν
576 668 613 737 δέ
636 668 746 757 μηθὲν
770 671 940 739 ἐνδιδόναι
963 668 1148 758 μαλακὸν2

18 779 399 861 ικισυμβουλευόντων
425 778 508 861 πρὸς
535 779 636 862 ὄχλον
663 777 797 862 αὐθάδη
827 775 881 842 καί
909 776 1023 862 ἀμαθη
1046 778 1111 862 <ἣ>
1139 795 1153 836 ε

79 882 260 968 θρασεῖάν
292 906 329 947 τε
359 878 415 947 καὶ
452 881 655 948 ἀνύποιστον
688 883 889 969 δημοκόπον
920 882 1111 969 ἀνθρώπων

82 993 234 1074 μανίαν,
267 984 340 1053 ἀλλ’
371 986 611 1072 ἀπολογείσθαι
643 987 721 1074 μέν,
751 989 798 1067 ὡς
829 985 930 1056 οὐδὲν
963 995 1013 1072 εἰη
1045 999 1112 1054 τῶν

82 1097 285 1178 γεγονότων
307 1095 397 1179 παρὰ
419 1105 487 1160 τῶν
509 1096 692 1180 πατρικίων
714 1101 839 1179 αίτιον,
864 1092 920 1161 καὶ
942 1094 1110 1179 ὑπισχνεῖ-

82 1207 171 1266 σθαι
197 1203 364 1286 πρόυοιαν
387 1199 474 1280 ἕξειν
495 1209 556 1267 τοῦ
579 1210 683 1268 κακοῦ
705 1203 767 1285 τὴν
791 1203 955 1286 δυνατήν,
982 1212 1051 1278 τοῖς
1074 1197 1111 1266 δὲ

82 1307 294 1394 ταράττουσι
317 1308 377 1373 τὸν
400 1308 507 1393 δῆμον
530 1306 683 1392 ἐπιτιμᾶν
704 1305 760 1372 καὶ
781 1309 1038 1393 προαγορεύειν,
1067 1307 1111 1385 ὡς
1126 1325 1152 1366 1⁰

82 1416 117 1479 εί
154 1414 205 1498 μὴ
243 1413 429 1478 παύσονται
465 1414 527 1497 τὴν
563 1413 681 1479 στάσιν
717 1411 985 1499 ἀναρριπίζοντες
1021 1412 1113 1492 ἀξίας

84 1523 226 1584 τίσουσι
250 1520 353 1596 δίκας.
388 1520 510 1604 ταύτης
530 1519 642 1603 ἡγεῖτο
660 1527 719 1603 τῆς
736 1521 869 1604 γνώμης
883 1518 1033 1602 Ἄππιος,
1055 1517 1146 1584 καὶθ

83 1622 130 1710 ἦν
154 1625 177 1708 ἡ
204 1635 332 1691 νικῶσα
354 1624 436 1710 αὕτη
459 1629 585 1709 πολλῆς
607 1623 812 1710 ἐμπεσούσης
828 1625 917 1690 πάνυ
940 1635 1010 1703 τοίς
1032 1641 1111 1691 συν-
1194 1699 1198 1707 ,

86 1731 208 1816 ε’δροις
230 1735 447 1816 φιλονεικίας·
472 1732 553 1798 ὥστε
577 1729 633 1797 καὶ
655 1732 715 1797 τὸν
733 1731 841 1816 δῆμον
863 1731 928 1798 ὑπὸ
950 1738 1009 1814 τῆς
1031 1735 1112 1816 βοῆς

85 1838 207 1902 αὐτῶν
230 1835 470 1922 ἐξακουομένης
492 1835 545 1903 ἐπὶ
568 1840 654 1904 πολὺ
678 1835 884 1924 ταραχθέντα
908 1839 1111 1923 συνδραμεῖν
1126 1853 1152 1896 ιι

86 1942 143 2008 ἐπὶ
173 1945 214 2010 τὸ
243 1946 497 2030 βουλευτήριον,
525 1941 581 2009 καὶ
608 1953 719 2010 πᾶσαν
741 1944 851 2030 ὀρθὴν
874 1941 927 2009 ἐπὶ
948 1952 988 2029 τῇ
1010 1960 1112 2030 προσ-
1226 1997 1230 2006 .

88 2052 194 2136 δοκίᾳ
226 2045 384 2131 γενέσθαι
419 2051 481 2134 τὴν
512 2053 621 2116 πόλιν.
671 2051 752 2135 μετὰ
789 2045 826 2115 δέ
858 2045 954 2116 τοῦθ’
985 2050 1021 2116 oi
1049 2045 1149 2135 μέν4

88 2157 217 2221 ὕπατοι
241 2158 462 2240 προελθόντες
484 2155 691 2222 συνεκάλουν
713 2158 773 2223 τὸν
797 2157 905 2240 δῆμον
927 2157 975 2234 είς
998 2155 1111 2238 ἐκκλη-

91 2267 187 2328 σίαν·
215 2256 261 2344 ἣν
288 2257 318 2325 δ
346 2262 386 2350 οὐ
413 2265 500 2328 πολὺ
526 2271 584 2346 τῆς
610 2261 735 2348 ἡμέρας
761 2265 809 2328 ἔτι
835 2264 873 2328 τὸ
902 2263 1111 2344 λειπόμενον·

91 2366 147 2434 καὶ
177 2370 403 2449 παρελθόντες
430 2366 609 2452 ἐπειρῶντο
637 2369 677 2433 τά
705 2367 846 2447 δόξαντα
874 2369 990 2452 σφίσιν
1012 2363 1050 2430 ἐν
1071 2374 1111 2450 τῇ
1126 2385 1155 2424 ιο

92 2477 202 2558 βουλῇ
231 2470 349 2555 λέγειν.
387 2472 557 2539 ἐνίσταντο
586 2471 616 2539 δ’
649 2473 761 2550 αὐτοῖς
788 2474 824 2540 οἱ
849 2473 1028 2558 δήμαρχοι,
1057 2468 1112 2535 καὶ

94 2581 157 2646 οὐκ
181 2575 225 2664 ἧν
249 2579 286 2645 ἐν
304 2579 397 2666 μέρει
416 2577 489 2645 οὐδ’
514 2579 550 2645 ἐν
568 2583 680 2668 κόσμφ
700 2582 875 2663 γινόμενος
891 2574 968 2664 παρ’
986 2579 1111 2663 ἀμφοῖν

167 2815 184 2863 3
202 2816 301 2875 κοινοῦ
321 2808 345 2862 Ο
367 2824 436 2864 corr,
455 2806 600 2877 Kiessling
616 2811 620 2875 Ι
636 2804 826 2877 συμφέροντος
844 2805 893 2861 τὸν
913 2808 1003 2875 δῆμον
1021 2824 1114 2874 παρα-

95 2883 252 2941 καλοῦντας
270 2875 322 2933 Ac
412 2884 430 2931 4
448 2873 595 2933 ἐνδιδόναι
617 2880 822 2948 μαλακίζεσθαι
841 2877 863 2930 0
888 2871 1034 2931 ἐνδιδόναι
1056 2876 1111 2930 del.

97 2949 250 3019 Kiessling‚
269 2946 417 3005 ἐνδιδόναι
434 2950 561 3019 μαλακὸν
588 2967 611 3003 ο.
629 2948 736 3016 Kayser
754 2951 826 3002 Ann.
843 2947 913 3017 phil.
928 2953 998 3001 1868
1016 2964 1043 3015 p.
1059 2952 1111 3000 813

98 3021 279 3089 cf.V124,1;
295 3020 362 3074 VllI
377 3026 446 3088 10,3
500 3025 516 3073 ὅ
531 3017 549 3087 ἢ
564 3019 628 3075 add.
643 3017 732 3073 Cobet
742 3018 808 3074 Obs.
818 3036 845 3088 p.
858 3024 908 3074 138
959 3024 975 3072 6
989 3019 1113 3086 θρασεία

98 3127 194 3182 τεκαὶ
217 3127 378 3182 ἀνυποίστω
398 3159 432 3167 -
458 3128 545 3196 μανία
564 3125 616 3179 ΑΒ
640 3109 816 3194 θρασειάντε
834 3123 883 3177 καί
902 3107 1113 3196 muman&-

101 3218 191 3302 μανίά
213 3231 233 3288 O
317 3233 439 3287 8ἀιιίον
457 3231 503 3285 Ba
522 3248 560 3286 an
578 3233 697 3288 ἀντίονθ
715 3231 808 3284 αίτιον
825 3229 902 3284 ABb
989 3235 1020 3281 11
1040 3226 1114 3280 παύ-

100 3322 203 3358 σονται
223 3302 268 3357 Ba
351 3308 383 3356 13
403 3302 473 3372 αδτὴ
491 3303 540 3356 Ba
555 3305 559 3372 Ι
574 3306 677 3370 πολλῆς
694 3301 771 3355 πάνυ
790 3297 962 3369 ἐμπεσούσης
980 3315 1004 3354 c.
1023 3295 1114 3352 Kiess-

100 3375 178 3514 ξιιῖδ
224 3367 395 3429 Ιόἐπιπολὺ
413 3374 437 3427 Β
500 3380 535 3428 22
554 3374 676 3443 ἀμφοῖν]
699 3372 865 3441 ἀμφοτέραν
885 3387 907 3424 e.
928 3370 1029 3423 Garrer
1048 3368 1114 3422 obs.
