2538 3884
145 186 210 250 346
568 185 736 239 -Θ-

145 365 228 431 σεις,
256 347 294 424 ἃς
321 347 462 413 έποιείτο
489 347 611 431 μετιὼν
638 348 700 431 τὴν
723 345 829 433 ἀρχὴν
851 349 934 413 κατά
957 359 1024 412 τῶν
1046 368 1189 430 πατρι-

109 455 239 537 2κίων,
262 454 306 530 ῶς
328 453 594 540 ἀφαιρησόμενος
616 453 727 519 αὐτῶν
750 456 811 537 την
835 455 942 539 ίσχύν.
989 454 1027 542 ὃς
1047 453 1185 536 ἐπειδὴ

144 561 279 646 τάχιστα
315 558 480 643 ἐξεγένετο
517 559 605 647 αὐτῷ
641 561 856 642 λωφήσαντος
888 568 948 624 τοῦ
983 561 1186 643 δαιμονίου

144 669 246 752 χόλου
269 666 308 732 τά
331 667 481 732 πολιτικὰ
499 666 667 752 πράττειν,
690 665 889 750 συναγαγὼν
908 667 968 730 τὸν
988 666 1097 750 δῆμον
1124 668 1186 742 είς

117 772 320 858 εέκκλησίαν
343 775 449 855 νόμον
471 770 617 857 εἰσφέρει
635 769 711 856 περὶ
729 783 796 836 τῶν
815 773 1031 856 δημαρχικῶν
1050 771 1185 858 ἀρχαι-

144 883 278 964 ρεσίων,
301 879 451 963 μετάγων
474 877 557 944 αὐτὰ
580 877 616 942 ἐκ
637 887 695 962 τῆς
712 887 917 963 φρατριακῆς
934 882 1182 964 ψηφοφορίας,

143 984 186 1067 ἣν
207 986 243 1051 οί
257 982 412 1069 Ῥωμαῖοι
430 989 591 1050 καλοῦσιν
609 993 793 1068 κουριᾶτιν,
816 981 870 1049 ἐπὶ
888 985 949 1068 τὴν
968 987 1180 1068 φυλετικήν.

146 1094 195 1167 τίς
215 1086 256 1155 ’δὲ
274 1090 403 1156 τούτων
422 1091 569 1177 διαφορά
587 1101 655 1156 τῶν
673 1088 905 1176 ἀρχαιρεσίων,
929 1089 994 1175 ἐγὼ
1015 1102 1178 1174 σημανῶ.

109 1206 130 1270 3
144 1197 203 1273 τάς
221 1191 281 1279 μέν
297 1196 501 1281 φρατριακὰς
514 1200 729 1282 ψηφοφορίας
743 1198 811 1261 ἔδει
824 1196 1177 1282 προβουλευσαμένης

105 1328 131 1366 ω
143 1311 201 1386 τῆς
217 1305 342 1386 βουλῆς
359 1300 414 1367 καὶ
432 1312 493 1368 τοῦ
511 1305 664 1386 πλήθους
681 1303 763 1367 κατά
780 1303 929 1389 φράτρας
946 1304 1006 1380 τὰς
1024 1306 1249 1388 ψηφουςΙεοσ

144 1408 390 1494 ἐπενέγκαντος,
413 1407 468 1474 καὶ
490 1405 558 1493 μετ’
581 1407 752 1494 ἀμφότερα
774 1419 877 1474 ταῦτα
898 1420 966 1474 τῶν
989 1410 1080 1493 παρὰ
1102 1421 1173 1477 τοῦ

145 1517 321 1599 δαιμονίου
349 1519 495 1600 σημείων
517 1537 552 1580 τε
575 1512 631 1579 καὶ
655 1515 786 1580 οἰωνῶν
809 1511 914 1598 μηδὲν
938 1514 1172 1581 ἐναντιωθέν-

143 1645 227 1704 των,
253 1625 326 1687 τότε
353 1625 468 1706 κυρίας
495 1615 594 1686 εἶναι·
627 1621 684 1697 τὰς
711 1617 748 1686 δὲ
775 1621 953 1705 φυλετικὰς
975 1623 1058 1705 μήτε
1082 1643 1170 1706 προ-

143 1727 369 1810 βουλεύματος
387 1726 569 1810 γενομένου
588 1730 668 1811 μητε
692 1737 759 1791 τῶν
778 1724 895 1811 ἱερέων
914 1751 948 1792 τε
967 1725 1023 1792 καὶ
1044 1729 1167 1794 οίωνο-

104 1855 130 1895 15
145 1834 278 1896 σκόπων
311 1830 617 1918 ἐπιθεσπισάντων,
652 1831 689 1897 έν
720 1816 826 1920 ἡμέρᾳ
857 1843 919 1920 μιᾷ
949 1837 1167 1911 τελεσθείσας

143 1936 209 2002 ὑπὸ
232 1949 298 2002 τῶν
321 1943 474 2022 φυλετῶν
496 1936 590 2015 τέλος
613 1941 710 2022 ἔχειν.
754 1937 809 2003 καὶ
832 1935 918 2023 ἦσαν
941 1938 978 2004 έκ
1001 1951 1070 2005 τῶν
1094 1945 1165 2006 λοι-

143 2055 215 2109 πῶν
238 2043 403 2130 τεττάρων
426 2044 606 2129 δημάρχων
630 2045 666 2110 ολ
686 2042 961 2130 συνεισφέροντες
983 2045 1075 2133 αὐτῶ
1099 2048 1165 2112 δύο

144 2149 307 2236 δήμαρχοι
324 2153 384 2217 τὸν
402 2155 521 2236 νόμον·
546 2151 605 2227 οὓς
622 2152 957 2238 προσεταιρισάμενος
972 2151 1165 2218 έλαττόνων

106 2257 251 2328 4ύντων
269 2268 336 2322 τῶν
355 2258 399 2341 μη
418 2257 520 2322 ταύτά
538 2254 754 2340 βουλομένων
771 2267 900 2341 περιῆν.
937 2257 973 2322 οί
990 2255 1022 2321 δ’
1038 2257 1163 2324 ὕπατοι

103 2388 130 2427 ιο
144 2361 199 2429 καὶ
225 2363 245 2446 η
273 2364 378 2446 βουλὴ
407 2361 462 2427 καὶ
485 2363 604 2438 πάντες
627 2362 663 2426 οί
682 2365 848 2448 πατρίκιοι
870 2365 1013 2428 κωλύειν
1037 2362 1165 2449 ἐπεχεί-

143 2492 227 2554 ρουν
254 2470 314 2534 τὸν
341 2472 460 2552 νόμον·
493 2467 694 2553 ἀφικόμενοί
713 2491 748 2532 τε
771 2469 853 2533 κατά
875 2473 1006 2551 πλῆθος
1029 2471 1077 2545 εἰς
1098 2471 1164 2554 τὴν

142 2574 281 2661 άγοράν,
304 2572 341 2640 έν
363 2567 384 2660 ᾗ
407 2585 568 2659 προεῖπον
592 2574 627 2638 οί
648 2575 811 2658 δήμαρχοι
833 2574 998 2659 κυρώσειν
1022 2577 1082 2640 τὸν
1102 2579 1163 2642 νύ-

143 2704 207 2764 μον
225 2677 342 2766 ημέρμ,
364 2681 598 2756 παντοδαπούς
617 2679 759 2762 διῆλθον
779 2682 911 2763 λόγους,
934 2691 1001 2744 τῶν
1020 2677 1055 2746 θ’
1075 2681 1163 2746 ὑπά-

143 2807 209 2850 των
237 2783 292 2849 καὶ
320 2796 387 2849 τῶν
414 2786 650 2872 πρεσβυτάτων
679 2783 715 2850 έκ
742 2793 799 2868 τῆς
826 2789 950 2868 βουλῆς
974 2785 1030 2850 καὶ
1052 2788 1160 2854 άλλου

102 2916 129 2958 ιτ
142 2894 280 2974 παντός,
308 2890 372 2978 ὅτῳ
395 2890 589 2979 βουλομένῳ
612 2886 672 2974 ἦν,
694 2892 752 2968 τὰς
774 2889 914 2968 ἐνούσας
937 2891 973 2957 ἐν
996 2903 1042 2981 τῶ
1065 2897 1160 2983 νόμῳ

144 2996 325 3076 διεξιόντος
355 2993 500 3073 ἀτοπίας,
546 2996 788 3074 ἀντιλεξάντων
817 2993 855 3061 δὲ
882 3008 949 3062 τῶν
977 2999 1160 3084 δημάρχων

214 3232 229 3282 7
254 3223 371 3296 κνράτιν
394 3227 527 3278 καλοῦσιν
546 3224 570 3276 Α
593 3228 709 3279 καλοῦσι
727 3222 845 3295 κνράτιν
864 3224 899 3290 Β,
924 3223 974 3278 sed
993 3228 1110 3280 καλοῦσι
1128 3225 1161 3281 in

141 3299 196 3353 fine
215 3314 312 3353 versus
331 3296 378 3350 Bb
397 3303 543 3366 κουριᾶτιν
562 3293 651 3350 Cobet
670 3294 734 3349 Obs.
754 3311 781 3364 p.
799 3300 848 3348 181
867 3294 901 3350 ef.
921 3293 959 3348 IX
974 3301 1017 3364 46,
1033 3303 1049 3350 3
1125 3303 1159 3353 10

143 3370 281 3440 φράτριας
294 3367 346 3422 ΑΒ
403 3373 435 3421 11
456 3363 690 3436 έξενέγκαντοςΑ
746 3372 780 3420 14
799 3363 919 3435 ἴερῶνΟ
939 3363 1036 3435 ἱερέων
1053 3367 1159 3423 Reiske

144 3446 176 3494 16
201 3437 372 3510 φνλε<τῶ>ν
390 3438 436 3492 Bb
462 3441 466 3508 Ι
491 3437 589 3493 λοιπὸν
608 3437 633 3489 Α
706 3442 738 3490 19
761 3445 849 3491 ταῦτα
868 3437 922 3490 ΑΒ
945 3453 1015 3493 corr.
1035 3437 1161 3510 Sylburg
