2508 3882
565 181 732 232 ..Θ-

77 395 81 410 ,
141 364 233 424 νετο,
261 341 350 426 παρά
372 365 475 407 τινων
498 343 714 427 αἰχμαλώτων
738 341 937 418 ἀκούσαντες
961 339 1222 425 έπηρθησάνιισε

141 469 176 510 τε
199 458 270 523 ταῖς
293 449 439 531 γνώμαις
461 450 508 512 ἔτι
531 453 669 532 μᾶλλον,
692 448 738 524 ὡς
755 454 981 531 πολεμοῦντος
998 459 1070 523 τοῖς
1083 445 1157 510 Ῥοι-

142 555 252 636 μαίοις
275 561 334 618 τοῦ
359 554 546 637 δαιμονίου,
568 551 623 618 καὶ
645 554 774 637 πολλὴν
793 548 883 638 εἶχον
902 551 1020 618 ἐλπίδα
1038 554 1158 636 κρατη-

143 675 214 724 σειυ
243 660 366 724 αὐτῶν·
395 660 489 724 οἵτε
516 659 649 742 μάντεις
677 658 910 745 ἀκριβέστερον
936 669 1005 723 τῶν
1034 660 1161 724 άλλοθί

116 785 208 830 σπου
236 767 413 841 δοκοῦντες
440 762 628 848 ἐξητακέναι
654 767 694 830 τά
722 766 895 851 μετάρσια,
924 768 1034 831 πόθεν
1061 788 1098 829 τε
1125 765 1161 829 αἱ

142 881 208 935 τῶν
236 881 408 955 κεραυνῶν
435 875 585 953 γίνονται
613 868 710 956 βολαί
737 869 793 936 καί
820 875 907 948 τίνες
930 871 1054 947 αὐτοὺς
1076 871 1157 936 ὑπο-

143 969 294 1061 δέχονται
317 978 397 1060 μετά
419 978 476 1053 τὰς
493 977 619 1060 πληγάς
637 975 795 1054 ἀπιόντας
812 979 918 1059 τόποι,
940 982 1033 1041 θεῶν
1051 1000 1088 1041 τε
1108 969 1157 1053 οἷς

142 1081 273 1147 ἕκαστοι
300 1081 516 1158 ἀποδίδονται
544 1080 598 1147 καί
626 1085 728 1147 τίνων
756 1081 894 1166 ἀγαθῶν
917 1081 937 1166 ἦ
961 1093 1074 1147 κακῶν
1096 1107 1157 1166 μη-

142 1190 250 1269 νυταί,
271 1199 392 1272 χωρεῖν
415 1187 515 1271 ὁμόσε
534 1198 604 1264 τοῖς
622 1181 794 1272 πολεμίοις
812 1185 987 1274 παρῄνουν
1005 1189 1155 1273 διαιροῦ-
1247 1193 1248 1236 ³

103 1314 128 1352 10
142 1317 236 1377 μενοι
260 1296 295 1359 τὸ
319 1294 501 1377 γενόμενον
523 1303 594 1369 τοῖς
609 1290 782 1377 Ῥωμαίοις
804 1304 941 1379 σημεῖον
964 1295 1046 1358 κατά
1070 1294 1155 1359 τάδε.

107 1399 255 1484 δέπειδη
278 1402 316 1465 τὸ
338 1396 436 1483 βέλος
458 1401 504 1476 είς
526 1399 654 1464 ὑπάτου
678 1401 804 1483 σκηνὴν
826 1398 1045 1483 κατέσκηψεν,
1074 1398 1112 1464 έν
1134 1393 1156 1485 ᾗ

140 1508 178 1571 τὸ
202 1507 399 1591 στρατήγιον
422 1504 513 1588 ε’νῆν,
535 1503 590 1569 καὶ
611 1513 722 1570 πᾶσαν
745 1504 849 1588 αὐτὴν
868 1506 943 1590 άχρι
966 1513 1024 1588 τῆς
1046 1503 1157 1582 ἑστίας

141 1611 319 1695 ἠφάνισεν,
348 1611 408 1696 ὅλη
433 1607 673 1694 προσημαίνειν
696 1613 733 1676 τὸ
757 1613 933 1694 δαιμόνιον
954 1619 994 1695 τῇ
1017 1621 1155 1698 στρατιᾷ

141 1725 201 1781 τοῦ
229 1717 371 1801 χάρακος
399 1719 546 1793 ἔκλειψιν
573 1720 631 1803 βίᾳ
657 1715 882 1802 κρατηθέντος
908 1714 962 1781 καὶ
990 1728 1057 1782 τῶν
1085 1717 1154 1782 έπι-

102 1803 356 1918 1(ἑριανεστάτιου
379 1824 531 1903 ὄλεθρον.
569 1825 600 1888 εί
621 1820 682 1906 μὲν
705 1818 779 1906 οὖν,
803 1825 941 1907 ἔφασαν,
965 1827 1099 1910 ἔμειναν
1118 1824 1155 1890 έν

143 1920 168 2013 ᾧ
192 1926 373 2011 κατέσκηψε
396 1932 504 2016 χοιρίρο
529 1931 565 1994 τὸ
588 1928 685 2013 βέλος
707 1930 742 1995 οί
763 1929 952 2015 κατέχοντες
975 1930 1070 2013 αὐτό,
1099 1930 1218 1997 καὶειοε

141 2035 185 2118 μὴ
213 2033 452 2119 μετηνέγκαντο
475 2035 515 2098 τά
538 2047 656 2119 σημεῖα
678 2035 723 2112 ὡς
745 2039 822 2112 τοὺς
846 2033 993 2120 ἑτέρους,
1020 2046 1098 2121 μιάς
1119 2061 1154 2102 τε

141 2144 348 2226 παρεμβολῆς
371 2138 491 2206 ἁλώσει
514 2138 568 2205 καὶ
592 2139 667 2217 ἑνὸς
689 2140 820 2230 ὀλέθρρι
845 2151 986 2227 στρατοῦ
1004 2145 1041 2207 τὸ
1059 2166 1154 2228 νεμε-

141 2257 210 2311 σῶν
248 2247 359 2323 αὐτοῖς
395 2247 571 2330 δαιμόνιον
604 2246 840 2330 ἀπεπλήρωσεν
872 2245 914 2311 δυ
946 2250 1006 2313 τὸν
1037 2251 1154 2334 χόλον·

101 2373 127 2411 εο
142 2351 254 2437 ἐπειδὴ
278 2348 315 2418 δέ
339 2353 521 2437 σοφώτεροι
540 2363 606 2417 τῶν
624 2359 716 2417 θεῶν
735 2349 820 2418 εἶναι
841 2357 1012 2436 ζητοῦντες
1029 2356 1077 2430 είς
1095 2357 1157 2420 τὸν
1248 2399 1249 2446 3

141 2457 253 2543 ἕτερον
265 2458 391 2543 χάρακα
405 2459 817 2543 μετεστρατοπεδεύσαντο,
830 2462 1065 2536 καταλιπόντες
1079 2462 1155 2544 έρη-
1248 2447 1249 2514 Ῐ

141 2587 205 2646 μου
227 2565 287 2629 τὸν
308 2568 423 2647 τόπον,
446 2567 490 2641 ὡς
513 2565 555 2630 οὐ
577 2578 645 2642 τοῖς
668 2565 860 2651 ἀνθρώποις
883 2574 943 2630 τοῦ
965 2572 1050 2631 θεοῦ
1073 2589 1154 2651 προ

141 2669 322 2751 δηλοῦντος
353 2672 411 2747 τὰς
443 2672 631 2756 συμφοράς,
664 2671 748 2736 ἀλλά
780 2683 848 2748 τοῖς
879 2673 1008 2755 τόποις,
1040 2676 1156 2749 κοινὸς

141 2773 264 2837 ἅπασιν
291 2773 403 2849 αὐτοῖς
430 2774 449 2839 ό
476 2777 564 2858 παρά
587 2785 647 2841 τοῦ
671 2778 829 2862 δαίμονος
850 2775 920 2861 ἥξει
942 2780 1055 2862 χόλος,
1084 2790 1156 2856 τοῖς

100 2863 169 2976 2751'
205 2877 411 2943 ἀπαναστᾶσι
447 2877 502 2944 καὶ
533 2890 603 2956 τοῖς
633 2881 899 2968 ὑποδεξαμένοις.
949 2880 1004 2947 καί
1037 2883 1154 2966 ἐπειδὴ

141 2982 265 3049 ἁλῶναι
292 2995 388 3069 σφῶν
414 2987 473 3050 τὸν
501 2984 614 3070 ἕτερον
637 2988 762 3073 χάρακα
785 2993 843 3076 βίηι
864 2992 959 3065 θείας
981 2988 1154 3053 ἐπιθεσπι-

141 3092 259 3175 ζούσης
287 3091 430 3175 ἀνάγκης
457 3091 498 3156 οὐ
520 3093 732 3178 περιέμειναν
754 3098 790 3160 τὸ
814 3097 934 3180 χρεών,
963 3091 1034 3159 ἀλλ’
1058 3093 1154 3160 αὐτοὶ

210 3283 417 3348 2τοίςουι.Β
481 3282 737 3365 Ι138λη]δδὴΑ
811 3293 843 3341 18
863 3285 983 3356 ὀλέθρου
1001 3285 1048 3339 Ba
1119 3293 1153 3340 20

140 3350 294 3491 ἑπεὲῖχδέῒθοῐ.
311 3354 436 3479 1ΙζδοιιδΙοτ
454 3355 544 3410 Τιεοο.
564 3357 625 3409 ent.
644 3373 671 3424 p.
687 3362 720 3409 47
789 3365 821 3410 21
842 3355 1152 3428 μετεστρατοπέδευσαν
