2538 3884
156 182 223 249 384
577 183 676 235 -Θ
715 214 748 224 -

157 346 262 411 αὐτοῦ
284 345 345 429 την
369 342 564 431 ἐπιγραφήν.
601 343 683 409 ἄλλο
706 339 737 407 δ’
758 339 861 409 οὐδὲν
879 339 932 407 ίπί
950 353 1018 408 τῶν
1036 341 1176 408 ὑπάτων
1262 343 1263 346 ’

158 452 286 517 τούτων
309 454 413 535 λόγου
436 449 531 530 ἀξιον
555 447 715 536 ἐπράχθη.

224 556 309 622 LXI.
342 554 415 622 Ἐπί
443 551 480 621 δὲ
507 564 564 640 τῆς
586 555 703 640 ἐνάτης
724 553 779 621 καί
804 553 1050 640 ἑβδομηκοστῆς
1072 555 1179 639 ὀλυμ-

160 662 294 748 πιάδος,
322 661 365 747 ἣν
388 661 480 728 ἐνίκα
504 661 664 748 Ξενοφῶν
687 664 873 748 Κορίνθιος
896 663 1056 748 ἀρχοντος
1075 659 1180 744 Ἀθή-

133 785 259 854 ενησιν
292 765 547 856 Ἀρχεδημίδου,
583 768 882 856 παραλαμβάνουσι
918 769 980 853 την
1016 769 1178 834 ὑπατείαν

165 879 262 952 Τῖτος
284 878 441 952 Κοίντιος
462 878 695 952 Καπιτωλῖνος
716 872 772 940 καὶ
795 876 938 952 Κόιντος
962 873 1090 959 Φάβιος
1109 873 1253 939 Οἴα-1916

162 984 351 1066 ιβουλανός·
376 984 531 1058 Κοίντιος
553 976 615 1065 μὲν
632 982 670 1046 τὸ
689 984 802 1067 τρίτον
820 977 873 1045 ἐπὶ
891 981 953 1065 τὴν
971 979 1078 1066 ἀρχὴν
1097 979 1181 1045 ἀπο-

162 1085 307 1173 δειχθεὶς
328 1088 394 1154 ὑπὸ
417 1095 478 1153 τοῦ
500 1087 620 1171 δημου,
644 1086 771 1170 Φάβιος
794 1082 831 1151 δὲ
853 1088 891 1152 τὸ
915 1086 1081 1171 δεύτερον.
1127 1078 1182 1164 οἷς

161 1193 182 1276 ἡ
215 1193 320 1278 βουλὴ
353 1191 552 1280 ἀμφοτέροις
584 1193 738 1278 στρατιάς
768 1191 911 1277 μεγάλας
941 1190 997 1258 καί
1026 1187 1065 1258 εὖ
1092 1214 1181 1277 παρ-

123 1287 404 1402 ιῗοεσκευασμόνας
425 1300 622 1386 παραδοῦσα
644 1296 812 1383 ἐξέπεμψε.
850 1301 1007 1375 Κοίντιος
1027 1294 1087 1382 μὲν
1110 1281 1198 1364 οὖν’

163 1406 286 1492 ἐτάχθη
313 1406 493 1492 φυλάττειν
519 1405 580 1489 τὴν
608 1401 771 1490 σφετέραν
798 1414 878 1490 γῆν,
906 1405 966 1488 ὅση
989 1415 1059 1482 τοῖς
1079 1409 1182 1470 πολε-

163 1516 251 1598 μίοις
274 1513 396 1599 ὅμορος
417 1507 471 1597 ἦν,
496 1512 623 1596 Φάβιος
646 1507 684 1576 δὲ
706 1512 768 1595 την
790 1513 948 1577 Αἰκανῶν
973 1512 1091 1597 δηοῦν·
1122 1510 1182 1576 καί

163 1618 407 1704 καταλαμβάνει
433 1620 511 1694 τοὺς
533 1619 703 1694 Αἰκανοὺς
730 1615 782 1682 ἐπὶ
809 1628 879 1694 τοίς
903 1619 1076 1703 μεθορίοις
1098 1618 1182 1684 ὑπο-

164 1722 324 1808 μένοντας
351 1723 454 1790 αὐτὸν
482 1725 545 1789 σὺν
574 1725 714 1808 δυνάμει
741 1729 856 1809 πολλῇ.
901 1721 956 1788 καὶ
983 1722 1098 1809 ἐπειδὴ
1122 1725 1182 1802 τὰς

124 1854 150 1896 τε
164 1830 373 1914 παρεμβολάς
400 1829 436 1895 ἐν
458 1841 528 1906 τοῖς
550 1834 737 1917 κρατίστοις
760 1827 907 1916 ἑκάτεροι
930 1832 1064 1915 χωρίοις
1085 1852 1182 1894 κατε·
1262 1829 1263 1834 ’

165 1937 338 2019 στήσαντο,
355 1931 525 2020 προῄεσαν
543 1937 590 2012 εἰς
607 1938 645 2002 τὸ
664 1938 781 2002 πεδίον
800 1937 957 2002 Αἰκανῶν
975 1939 1181 2022 προκαλεσα-

164 2040 274 2127 μένων
292 2038 347 2107 καί
366 2038 536 2127 ἀρξάντων
554 2049 611 2126 τῆς
629 2041 745 2127 μάχης,
763 2039 818 2107 καί
837 2038 1007 2125 διέμειναν
1023 2038 1074 2106 ε’πί
1088 2044 1178 2107 πολὺ

5 2137 7 2144 ’
55 2180 61 2191 ‚
164 2158 221 2234 τῆς
243 2147 366 2235 ἡμέρας
388 2145 542 2238 ἐκδάμως
563 2145 619 2212 καί
641 2151 832 2233 φιλοπόνως
853 2146 1101 2233 ἀγωνιζόμενοι,
1124 2146 1181 2213 καὶ

164 2257 203 2321 τὸ
230 2265 327 2321 νικᾶν
355 2253 395 2321 οὐ
422 2251 499 2340 παρ’
526 2255 629 2319 ἀλλον
655 2254 730 2319 τινὰ
754 2252 775 2337 ἣ
798 2250 873 2340 παρ’
903 2251 1021 2320 ἑαυτὸν
1044 2252 1182 2329 ἕκαστος

126 2348 347 2462 ἐκδόμενος.
393 2361 437 2437 ῶς
467 2356 505 2425 δὲ
533 2361 573 2424 τὰ
604 2358 681 2445 ξίφη
712 2372 780 2439 τοίς
806 2363 957 2426 πλείοσιν
984 2359 1096 2425 αὐτῶν
1125 2360 1181 2424 διὰ

166 2468 224 2545 τδς
256 2477 406 2552 συνεχεῖς
435 2467 563 2550 πληγὰς
590 2467 735 2551 άχρηστα
764 2465 927 2551 ἐγεγόνει,
959 2465 1181 2551 σημηνάντων

166 2575 204 2639 τὸ
232 2573 452 2658 ἀνακλητικὸν
479 2583 547 2638 τῶν
569 2573 745 2657 ἡγεμόνων
768 2571 922 2657 ἀπῆλθον
946 2570 998 2637 ἐπὶ
1022 2575 1101 2650 τοὺς
1124 2573 1182 2658 χά-

166 2704 275 2762 ρακας.
321 2677 376 2744 καί
403 2681 483 2764 μετὰ
509 2688 608 2746 τοῦτο
636 2681 673 2744 τὸ
698 2681 797 2764 ἔργον
820 2677 911 2763 ἀγὼν
934 2675 995 2763 μὲν
1018 2677 1054 2745 ἐκ
1075 2693 1250 2764 παρα-1917

166 2783 286 2863 ’τάξεως
314 2781 419 2850 οὐκέτ’
447 2785 558 2851 αὐτῶν
585 2782 731 2870 ἐγένετο,
763 2782 1001 2872 ἀκροβολισμοὶ
1029 2782 1069 2850 δέ
1093 2807 1184 2862 τινες

6 2949 7 2960 ,
129 2888 224 2957 τεκαὶ
254 2889 440 2973 συμπλοκαὶ
468 2897 577 2970 ψιλῶν
606 2895 685 2976 περί
712 2913 747 2956 τε
775 2891 876 2956 ὕδασι
906 2888 961 2956 καί
992 2890 1028 2957 ἐν
1058 2889 1184 2978 ἀγορᾶς

5 3057 6 3060 ,
167 3005 401 3084 παραπομπαῖς
429 3009 589 3083 συνεχεῖς·
620 2995 684 3062 κάν
710 2998 841 3075 τούτοις
868 2994 982 3082 μέντοι
1009 2998 1049 3063 τά
1076 2998 1182 3063 πολλὰ

5 3155 6 3188 2
130 3101 253 3190 4ἧσαν
277 3104 459 3188 ἰσόρροποι.
505 3103 541 3169 ἐν
564 3097 590 3192 ᾧ
615 3099 653 3168 δὲ
675 3101 764 3170 ταῦτ’
788 3103 913 3189 ἐγίνετο
936 3107 1059 3193 χρόνῳ,
1083 3103 1180 3188 μοῖρά

238 3303 255 3351 3
279 3295 450 3367 ὀλυμπιάδος
468 3311 521 3350 om.
540 3293 587 3347 Βει
678 3303 694 3352 6
718 3296 844 3369 βωλανδς
862 3294 965 3364 ACmg
984 3293 1116 3357 ἰουλανὸς
1134 3293 1183 3350 ΒΟ

168 3387 238 3424 corr.
258 3367 380 3438 Sylburg
457 3371 489 3421 12
514 3367 602 3437 δηοῶν
621 3366 832 3449 καταλαμβάνει
849 3365 922 3420 τεΑ
1002 3373 1035 3421 14
1058 3364 1109 3419 καί
1129 3383 1184 3420 om.

168 3439 214 3490 Ba
287 3445 319 3493 17
343 3437 392 3491 καὶ
410 3441 477 3493 ante
496 3439 641 3508 διέμειναν
660 3437 767 3494 delent
786 3438 908 3507 Sylburg
979 3441 1014 3491 22
1034 3436 1065 3490 τδ
1085 3452 1140 3492 om.
1160 3437 1185 3489 B
