<?xml version="1.0" encoding="UTF-8"?>
<!DOCTYPE html PUBLIC "-//W3C//DTD XHTML 1.0 Transitional//EN"
    "http://www.w3.org/TR/xhtml1/DTD/xhtml1-transitional.dtd">
<html xmlns="http://www.w3.org/1999/xhtml" xml:lang="en" lang="en">
 <head>
  <title>
</title>
<meta http-equiv="Content-Type" content="text/html;charset=utf-8" />
  <meta name='ocr-system' content='tesseract 3.04.00' />
  <meta name='ocr-capabilities' content='ocr_page ocr_carea ocr_par ocr_line ocrx_word'/>
</head>
<body>
  <div class='ocr_page' id='page_1' title='image "./antiquitatumrom02jacogoog_0062.png"; bbox 0 0 2496 3878; ppageno 0'>
   <div class='ocr_carea' id='block_1_1' title="bbox 513 199 1100 264">
    <p class='ocr_par' dir='ltr' id='par_1_1' title="bbox 513 199 1100 264">
     <span class='ocr_line' id='line_1_1' title="bbox 513 199 1100 264; baseline -0.009 5"><span class='ocrx_word' id='word_1_1' title='bbox 513 203 675 254; x_wconf 74' lang='grc' dir='ltr'><strong><em>-Ζ-</em></strong></span> <span class='ocrx_word' id='word_1_2' title='bbox 1056 199 1100 264; x_wconf 80' lang='lat'><strong><em>33</em></strong></span> 
     </span>
    </p>
   </div>
   <div class='ocr_carea' id='block_1_2' title="bbox 24 356 1195 2354">
    <p class='ocr_par' dir='ltr' id='par_1_2' title="bbox 82 356 1195 1613">
     <span class='ocr_line' id='line_1_2' title="bbox 85 356 1195 450; baseline 0.003 -24"><span class='ocrx_word' id='word_1_3' title='bbox 85 356 161 426; x_wconf 79' lang='grc' dir='ltr'><strong><em>οὔθ’</em></strong></span> <span class='ocrx_word' id='word_1_4' title='bbox 189 359 302 426; x_wconf 86' lang='grc' dir='ltr'><strong><em>ὅπλων</em></strong></span> <span class='ocrx_word' id='word_1_5' title='bbox 329 361 406 426; x_wconf 76' lang='grc' dir='ltr'><strong><em>οὔτε</em></strong></span> <span class='ocrx_word' id='word_1_6' title='bbox 434 364 545 444; x_wconf 91' lang='grc' dir='ltr'><strong><em>λόγων</em></strong></span> <span class='ocrx_word' id='word_1_7' title='bbox 572 363 718 447; x_wconf 78' lang='grc' dir='ltr'><strong><em>ἄπειροι,</em></strong></span> <span class='ocrx_word' id='word_1_8' title='bbox 749 366 891 450; x_wconf 75' lang='grc' dir='ltr'><strong><em>προνοίᾳ</em></strong></span> <span class='ocrx_word' id='word_1_9' title='bbox 917 358 979 446; x_wconf 74' lang='grc' dir='ltr'><strong><em>μέν</em></strong></span> <span class='ocrx_word' id='word_1_10' title='bbox 1006 361 1102 448; x_wconf 80' lang='grc' dir='ltr'><strong><em>ἐχρη-</em></strong></span> <span class='ocrx_word' id='word_1_11' title='bbox 1179 361 1195 386; x_wconf 64' lang='grc'><strong><em>“</em></strong></span> 
     </span>
     <span class='ocr_line' id='line_1_3' title="bbox 85 466 1101 555; baseline 0.005 -26"><span class='ocrx_word' id='word_1_12' title='bbox 85 481 185 530; x_wconf 89' lang='grc' dir='ltr'><strong><em>σαντο</em></strong></span> <span class='ocrx_word' id='word_1_13' title='bbox 207 469 314 551; x_wconf 72' lang='grc' dir='ltr'><strong><em>πολλῇ</em></strong></span> <span class='ocrx_word' id='word_1_14' title='bbox 338 468 433 532; x_wconf 88' lang='grc' dir='ltr'><strong><em>σίτου</em></strong></span> <span class='ocrx_word' id='word_1_15' title='bbox 456 491 492 534; x_wconf 88' lang='grc' dir='ltr'><strong><em>τε</em></strong></span> <span class='ocrx_word' id='word_1_16' title='bbox 514 466 569 532; x_wconf 81' lang='grc' dir='ltr'><strong><em>καί</em></strong></span> <span class='ocrx_word' id='word_1_17' title='bbox 591 475 648 551; x_wconf 79' lang='grc' dir='ltr'><strong><em>τῆς</em></strong></span> <span class='ocrx_word' id='word_1_18' title='bbox 670 469 772 553; x_wconf 79' lang='grc' dir='ltr'><strong><em>ἄλλης</em></strong></span> <span class='ocrx_word' id='word_1_19' title='bbox 792 467 914 555; x_wconf 83' lang='grc' dir='ltr'><strong><em>άγορᾶς</em></strong></span> <span class='ocrx_word' id='word_1_20' title='bbox 937 466 1101 554; x_wconf 77' lang='grc' dir='ltr'><strong><em>ἐμπλῆσαι</em></strong></span> 
     </span>
     <span class='ocr_line' id='line_1_4' title="bbox 85 571 1102 663; baseline 0.007 -28"><span class='ocrx_word' id='word_1_21' title='bbox 85 571 144 653; x_wconf 76' lang='grc' dir='ltr'><strong><em>την</em></strong></span> <span class='ocrx_word' id='word_1_22' title='bbox 165 573 279 655; x_wconf 85' lang='grc' dir='ltr'><strong><em>πόλιν,</em></strong></span> <span class='ocrx_word' id='word_1_23' title='bbox 302 571 346 649; x_wconf 78' lang='grc' dir='ltr'><strong><em>ὡς</em></strong></span> <span class='ocrx_word' id='word_1_24' title='bbox 364 571 402 637; x_wconf 85' lang='grc' dir='ltr'><strong><em>έν</em></strong></span> <span class='ocrx_word' id='word_1_25' title='bbox 424 581 463 658; x_wconf 76' lang='grc' dir='ltr'><strong><em>τῇ</em></strong></span> <span class='ocrx_word' id='word_1_26' title='bbox 482 571 552 640; x_wconf 85' lang='grc' dir='ltr'><strong><em>κατ’</em></strong></span> <span class='ocrx_word' id='word_1_27' title='bbox 575 573 680 658; x_wconf 76' lang='grc' dir='ltr'><strong><em>αὐτὴν</em></strong></span> <span class='ocrx_word' id='word_1_28' title='bbox 698 573 851 663; x_wconf 73' lang='grc' dir='ltr'><strong><em>εὐετηρίᾳ</em></strong></span> <span class='ocrx_word' id='word_1_29' title='bbox 868 581 926 659; x_wconf 74' lang='grc' dir='ltr'><strong><em>τῆς</em></strong></span> <span class='ocrx_word' id='word_1_30' title='bbox 944 575 1102 660; x_wconf 72' lang='grc' dir='ltr'><strong><em>ὁμονοίας</em></strong></span> 
     </span>
     <span class='ocr_line' id='line_1_5' title="bbox 84 677 1102 766; baseline 0.005 -24"><span class='ocrx_word' id='word_1_31' title='bbox 84 687 142 742; x_wconf 85' lang='grc' dir='ltr'><strong><em>τοῦ</em></strong></span> <span class='ocrx_word' id='word_1_32' title='bbox 174 680 329 762; x_wconf 77' lang='grc' dir='ltr'><strong><em>πλήθους</em></strong></span> <span class='ocrx_word' id='word_1_33' title='bbox 359 677 523 764; x_wconf 77' lang='grc' dir='ltr'><em>κειμένης·</em></span> <span class='ocrx_word' id='word_1_34' title='bbox 557 681 598 746; x_wconf 87' lang='grc' dir='ltr'><strong><em>οὐ</em></strong></span> <span class='ocrx_word' id='word_1_35' title='bbox 630 681 696 765; x_wconf 81' lang='grc' dir='ltr'><strong><em>μην</em></strong></span> <span class='ocrx_word' id='word_1_36' title='bbox 729 679 896 765; x_wconf 85' lang='grc' dir='ltr'><strong><em>ἐξεγένετό</em></strong></span> <span class='ocrx_word' id='word_1_37' title='bbox 927 678 958 766; x_wconf 89' lang='grc' dir='ltr'><strong><em>γ’</em></strong></span> <span class='ocrx_word' id='word_1_38' title='bbox 989 681 1102 760; x_wconf 67' lang='grc' dir='ltr'><strong><em>αὐτοῖς</em></strong></span> 
     </span>
     <span class='ocr_line' id='line_1_6' title="bbox 83 781 1142 873; baseline 0.001 -26"><span class='ocrx_word' id='word_1_39' title='bbox 83 781 284 869; x_wconf 78' lang='grc' dir='ltr'><strong><em>ἀμφοτέρων</em></strong></span> <span class='ocrx_word' id='word_1_40' title='bbox 307 786 374 868; x_wconf 84' lang='grc' dir='ltr'><strong><em>άμα</em></strong></span> <span class='ocrx_word' id='word_1_41' title='bbox 395 787 524 851; x_wconf 87' lang='grc' dir='ltr'><strong><em>τούτων</em></strong></span> <span class='ocrx_word' id='word_1_42' title='bbox 541 798 666 873; x_wconf 84' lang='grc' dir='ltr'><strong><em>τυχείν,</em></strong></span> <span class='ocrx_word' id='word_1_43' title='bbox 689 786 773 852; x_wconf 83' lang='grc' dir='ltr'><strong><em>άλλδ</em></strong></span> <span class='ocrx_word' id='word_1_44' title='bbox 794 793 1015 872; x_wconf 80' lang='grc' dir='ltr'><strong><em>συνεισῆλθεν</em></strong></span> <span class='ocrx_word' id='word_1_45' title='bbox 1033 787 1101 872; x_wconf 82' lang='grc' dir='ltr'><strong><em>άμα</em></strong></span> <span class='ocrx_word' id='word_1_46' title='bbox 1127 806 1142 848; x_wconf 83' lang='grc' dir='ltr'><strong><em>ι</em></strong></span> 
     </span>
     <span class='ocr_line' id='line_1_7' title="bbox 83 889 1101 980; baseline 0.004 -26"><span class='ocrx_word' id='word_1_47' title='bbox 83 898 127 976; x_wconf 73' lang='grc' dir='ltr'><strong><em>τῷ</em></strong></span> <span class='ocrx_word' id='word_1_48' title='bbox 148 893 242 979; x_wconf 83' lang='grc' dir='ltr'><strong><em>κόρςο</em></strong></span> <span class='ocrx_word' id='word_1_49' title='bbox 260 903 329 956; x_wconf 89' lang='grc' dir='ltr'><strong><em>τῶν</em></strong></span> <span class='ocrx_word' id='word_1_50' title='bbox 347 889 487 975; x_wconf 74' lang='grc' dir='ltr'><strong><em>ἀγαθῶν</em></strong></span> <span class='ocrx_word' id='word_1_51' title='bbox 506 893 527 976; x_wconf 81' lang='grc' dir='ltr'><strong><em>η</em></strong></span> <span class='ocrx_word' id='word_1_52' title='bbox 546 902 613 958; x_wconf 88' lang='grc' dir='ltr'><strong><em>τῶν</em></strong></span> <span class='ocrx_word' id='word_1_53' title='bbox 631 891 848 980; x_wconf 78' lang='grc' dir='ltr'><strong><em>χρησαμένων</em></strong></span> <span class='ocrx_word' id='word_1_54' title='bbox 866 893 979 970; x_wconf 80' lang='grc' dir='ltr'><strong><em>αὐτοίς</em></strong></span> <span class='ocrx_word' id='word_1_55' title='bbox 995 893 1101 979; x_wconf 78' lang='grc' dir='ltr'><strong><em>ὕβρις.</em></strong></span> 
     </span>
     <span class='ocr_line' id='line_1_8' title="bbox 82 993 1137 1083; baseline 0.008 -23"><span class='ocrx_word' id='word_1_56' title='bbox 82 993 138 1060; x_wconf 85' lang='grc' dir='ltr'><strong><em>καλ</em></strong></span> <span class='ocrx_word' id='word_1_57' title='bbox 159 999 237 1061; x_wconf 88' lang='grc' dir='ltr'><strong><em>τότε</em></strong></span> <span class='ocrx_word' id='word_1_58' title='bbox 261 997 303 1080; x_wconf 80' lang='grc' dir='ltr'><strong><em>δη</em></strong></span> <span class='ocrx_word' id='word_1_59' title='bbox 326 994 478 1082; x_wconf 86' lang='grc' dir='ltr'><strong><em>μέγιστος</em></strong></span> <span class='ocrx_word' id='word_1_60' title='bbox 494 995 653 1083; x_wconf 88' lang='grc' dir='ltr'><strong><em>κατέλαβε</em></strong></span> <span class='ocrx_word' id='word_1_61' title='bbox 671 1000 732 1083; x_wconf 82' lang='grc' dir='ltr'><strong><em>την</em></strong></span> <span class='ocrx_word' id='word_1_62' title='bbox 745 995 874 1082; x_wconf 81' lang='grc' dir='ltr'><strong><em>Ῥώμην</em></strong></span> <span class='ocrx_word' id='word_1_63' title='bbox 890 999 1048 1075; x_wconf 86' lang='grc' dir='ltr'><strong><em>κίνδυνος</em></strong></span> <span class='ocrx_word' id='word_1_64' title='bbox 1067 996 1100 1076; x_wconf 79' lang='grc' dir='ltr'><strong><em>ἐξ</em></strong></span> <span class='ocrx_word' id='word_1_65' title='bbox 1115 1003 1137 1068; x_wconf 83' lang='grc'>2</span> 
     </span>
     <span class='ocr_line' id='line_1_9' title="bbox 85 1100 1103 1190; baseline 0.003 -24"><span class='ocrx_word' id='word_1_66' title='bbox 85 1100 198 1187; x_wconf 76' lang='grc' dir='ltr'><strong><em>ἀρχῆς,</em></strong></span> <span class='ocrx_word' id='word_1_67' title='bbox 222 1102 278 1167; x_wconf 80' lang='grc' dir='ltr'><strong><em>ὅτε</em></strong></span> <span class='ocrx_word' id='word_1_68' title='bbox 300 1101 406 1186; x_wconf 70' lang='grc' dir='ltr'><strong><em>ἥκιστ’</em></strong></span> <span class='ocrx_word' id='word_1_69' title='bbox 432 1103 549 1169; x_wconf 90' lang='grc' dir='ltr'><strong><em>ἐδόκει.</em></strong></span> <span class='ocrx_word' id='word_1_70' title='bbox 586 1105 622 1172; x_wconf 83' lang='grc' dir='ltr'><strong><em>οί</em></strong></span> <span class='ocrx_word' id='word_1_71' title='bbox 640 1127 675 1169; x_wconf 89' lang='grc' dir='ltr'><strong><em>τε</em></strong></span> <span class='ocrx_word' id='word_1_72' title='bbox 698 1104 762 1190; x_wconf 81' lang='grc' dir='ltr'><strong><em>γάρ</em></strong></span> <span class='ocrx_word' id='word_1_73' title='bbox 785 1101 839 1169; x_wconf 76' lang='grc' dir='ltr'><strong><em>ἐπὶ</em></strong></span> <span class='ocrx_word' id='word_1_74' title='bbox 861 1104 923 1188; x_wconf 81' lang='grc' dir='ltr'><strong><em>την</em></strong></span> <span class='ocrx_word' id='word_1_75' title='bbox 944 1107 1103 1170; x_wconf 85' lang='grc' dir='ltr'><strong><em>σιτωνίαν</em></strong></span> 
     </span>
     <span class='ocr_line' id='line_1_10' title="bbox 84 1205 1102 1296; baseline 0.002 -25"><span class='ocrx_word' id='word_1_76' title='bbox 84 1205 326 1286; x_wconf 76' lang='grc' dir='ltr'><strong><em>ἀποσταλέντες</em></strong></span> <span class='ocrx_word' id='word_1_77' title='bbox 347 1205 404 1274; x_wconf 87' lang='grc' dir='ltr'><strong><em>ὑπ’</em></strong></span> <span class='ocrx_word' id='word_1_78' title='bbox 427 1209 538 1276; x_wconf 83' lang='grc' dir='ltr'><strong><em>αὐτῶν</em></strong></span> <span class='ocrx_word' id='word_1_79' title='bbox 555 1208 709 1296; x_wconf 86' lang='grc' dir='ltr'><strong><em>πρέσβεις</em></strong></span> <span class='ocrx_word' id='word_1_80' title='bbox 725 1212 833 1276; x_wconf 82' lang='grc' dir='ltr'><strong><em>πολὺν</em></strong></span> <span class='ocrx_word' id='word_1_81' title='bbox 852 1208 888 1275; x_wconf 88' lang='grc' dir='ltr'><strong><em>έκ</em></strong></span> <span class='ocrx_word' id='word_1_82' title='bbox 907 1219 975 1274; x_wconf 89' lang='grc' dir='ltr'><strong><em>τῶν</em></strong></span> <span class='ocrx_word' id='word_1_83' title='bbox 997 1231 1102 1294; x_wconf 86' lang='grc' dir='ltr'><strong><em>παρα-</em></strong></span> 
     </span>
     <span class='ocr_line' id='line_1_11' title="bbox 82 1307 1143 1402; baseline -0.001 -24"><span class='ocrx_word' id='word_1_84' title='bbox 82 1319 277 1380; x_wconf 82' lang='grc' dir='ltr'><strong><em>θαλαττίων</em></strong></span> <span class='ocrx_word' id='word_1_85' title='bbox 304 1337 339 1380; x_wconf 90' lang='grc' dir='ltr'><strong><em>τε</em></strong></span> <span class='ocrx_word' id='word_1_86' title='bbox 366 1313 421 1380; x_wconf 79' lang='grc' dir='ltr'><strong><em>καί</em></strong></span> <span class='ocrx_word' id='word_1_87' title='bbox 448 1307 632 1401; x_wconf 83' lang='grc' dir='ltr'><strong><em>μεσογείων</em></strong></span> <span class='ocrx_word' id='word_1_88' title='bbox 658 1316 826 1402; x_wconf 78' lang='grc' dir='ltr'><strong><em>ἐμπορίων</em></strong></span> <span class='ocrx_word' id='word_1_89' title='bbox 854 1325 948 1382; x_wconf 84' lang='grc' dir='ltr'><strong><em>σίτον</em></strong></span> <span class='ocrx_word' id='word_1_90' title='bbox 975 1315 1102 1400; x_wconf 78' lang='grc' dir='ltr'><strong><em>ὠνησά-</em></strong></span> <span class='ocrx_word' id='word_1_91' title='bbox 1117 1336 1143 1378; x_wconf 83' lang='grc' dir='ltr'><strong><em>ιο</em></strong></span> 
     </span>
     <span class='ocr_line' id='line_1_12' title="bbox 83 1419 1103 1511; baseline 0 -27"><span class='ocrx_word' id='word_1_92' title='bbox 83 1443 181 1504; x_wconf 83' lang='grc' dir='ltr'><strong><em>μενοι</em></strong></span> <span class='ocrx_word' id='word_1_93' title='bbox 193 1422 383 1504; x_wconf 77' lang='grc' dir='ltr'><strong><em>κατήγαγον</em></strong></span> <span class='ocrx_word' id='word_1_94' title='bbox 398 1423 552 1511; x_wconf 77' lang='grc' dir='ltr'><strong><em>δημοσίᾳ,</em></strong></span> <span class='ocrx_word' id='word_1_95' title='bbox 567 1423 648 1494; x_wconf 79' lang='grc' dir='ltr'><strong><em>οἵτε</em></strong></span> <span class='ocrx_word' id='word_1_96' title='bbox 662 1424 894 1507; x_wconf 73' lang='grc' dir='ltr'><strong><em>διαμείβεσθαι</em></strong></span> <span class='ocrx_word' id='word_1_97' title='bbox 907 1421 966 1498; x_wconf 80' lang='grc' dir='ltr'><strong><em>τὰς</em></strong></span> <span class='ocrx_word' id='word_1_98' title='bbox 980 1419 1103 1506; x_wconf 80' lang='grc' dir='ltr'><strong><em>ἀγορὰς</em></strong></span> 
     </span>
     <span class='ocr_line' id='line_1_13' title="bbox 85 1521 1104 1613; baseline 0.002 -24"><span class='ocrx_word' id='word_1_99' title='bbox 85 1527 249 1603; x_wconf 86' lang='grc' dir='ltr'><strong><em>είωθότες</em></strong></span> <span class='ocrx_word' id='word_1_100' title='bbox 270 1526 306 1592; x_wconf 84' lang='grc' dir='ltr'><strong><em>ἐκ</em></strong></span> <span class='ocrx_word' id='word_1_101' title='bbox 327 1529 450 1604; x_wconf 87' lang='grc' dir='ltr'><strong><em>παντὸς</em></strong></span> <span class='ocrx_word' id='word_1_102' title='bbox 472 1531 575 1596; x_wconf 88' lang='grc' dir='ltr'><strong><em>τόπου</em></strong></span> <span class='ocrx_word' id='word_1_103' title='bbox 596 1532 783 1612; x_wconf 76' lang='grc' dir='ltr'><strong><em>συνῆλθον,</em></strong></span> <span class='ocrx_word' id='word_1_104' title='bbox 804 1524 881 1613; x_wconf 88' lang='grc' dir='ltr'><strong><em>παρ’</em></strong></span> <span class='ocrx_word' id='word_1_105' title='bbox 903 1521 951 1592; x_wconf 82' lang='grc' dir='ltr'><strong><em>διν</em></strong></span> <span class='ocrx_word' id='word_1_106' title='bbox 968 1527 989 1610; x_wconf 81' lang='grc' dir='ltr'><strong><em>η</em></strong></span> <span class='ocrx_word' id='word_1_107' title='bbox 1008 1528 1104 1602; x_wconf 86' lang='grc' dir='ltr'><strong><em>πόλις</em></strong></span> 
     </span>
    </p>

    <p class='ocr_par' dir='ltr' id='par_1_3' title="bbox 24 1626 1144 2141">
     <span class='ocr_line' id='line_1_14' title="bbox 24 1626 1103 1720; baseline -0.002 -21"><span class='ocrx_word' id='word_1_108' title='bbox 24 1631 284 1717; x_wconf 76' lang='grc' dir='ltr'><strong><em>ιεεεώνησαμένη</em></strong></span> <span class='ocrx_word' id='word_1_109' title='bbox 303 1635 362 1699; x_wconf 83' lang='grc' dir='ltr'><strong><em>τὸν</em></strong></span> <span class='ocrx_word' id='word_1_110' title='bbox 380 1636 506 1720; x_wconf 89' lang='grc' dir='ltr'><strong><em>φόρτον</em></strong></span> <span class='ocrx_word' id='word_1_111' title='bbox 525 1632 562 1699; x_wconf 88' lang='grc' dir='ltr'><strong><em>έκ</em></strong></span> <span class='ocrx_word' id='word_1_112' title='bbox 583 1644 652 1700; x_wconf 82' lang='grc' dir='ltr'><strong><em>τῶν</em></strong></span> <span class='ocrx_word' id='word_1_113' title='bbox 669 1643 794 1700; x_wconf 80' lang='grc' dir='ltr'><strong><em>κοινῶν</em></strong></span> <span class='ocrx_word' id='word_1_114' title='bbox 816 1631 992 1719; x_wconf 91' lang='grc' dir='ltr'><strong><em>χρημάτων</em></strong></span> <span class='ocrx_word' id='word_1_115' title='bbox 1015 1626 1103 1718; x_wconf 80' lang='grc' dir='ltr'><strong><em>εἶχεν</em></strong></span> 
     </span>
     <span class='ocr_line' id='line_1_15' title="bbox 81 1735 1138 1825; baseline 0.005 -23"><span class='ocrx_word' id='word_1_116' title='bbox 81 1737 119 1802; x_wconf 88' lang='grc' dir='ltr'><strong><em>ἐν</em></strong></span> <span class='ocrx_word' id='word_1_117' title='bbox 141 1742 290 1824; x_wconf 75' lang='grc' dir='ltr'><strong><em>φυλακῇ.</em></strong></span> <span class='ocrx_word' id='word_1_118' title='bbox 331 1735 439 1822; x_wconf 77' lang='grc' dir='ltr'><strong><em>ἦλθον</em></strong></span> <span class='ocrx_word' id='word_1_119' title='bbox 467 1735 505 1806; x_wconf 76' lang='grc' dir='ltr'><strong><em>δὲ</em></strong></span> <span class='ocrx_word' id='word_1_120' title='bbox 532 1737 587 1805; x_wconf 82' lang='grc' dir='ltr'><strong><em>καλ</em></strong></span> <span class='ocrx_word' id='word_1_121' title='bbox 615 1740 651 1805; x_wconf 90' lang='grc' dir='ltr'><strong><em>οί</em></strong></span> <span class='ocrx_word' id='word_1_122' title='bbox 674 1742 837 1825; x_wconf 89' lang='grc' dir='ltr'><strong><em>πρότερον</em></strong></span> <span class='ocrx_word' id='word_1_123' title='bbox 865 1736 1138 1814; x_wconf 88' lang='grc' dir='ltr'><strong><em>άποσταλέντες3</em></strong></span> 
     </span>
     <span class='ocr_line' id='line_1_16' title="bbox 79 1841 1144 1929; baseline -0.004 -21"><span class='ocrx_word' id='word_1_124' title='bbox 79 1842 243 1929; x_wconf 86' lang='grc' dir='ltr'><strong><em>πρέσβεις</em></strong></span> <span class='ocrx_word' id='word_1_125' title='bbox 265 1846 312 1920; x_wconf 89' lang='grc' dir='ltr'><strong><em>είς</em></strong></span> <span class='ocrx_word' id='word_1_126' title='bbox 334 1847 493 1910; x_wconf 89' lang='grc' dir='ltr'><strong><em>Σικελίαν</em></strong></span> <span class='ocrx_word' id='word_1_127' title='bbox 516 1843 676 1927; x_wconf 79' lang='grc' dir='ltr'><strong><em>Γεγάνιος</em></strong></span> <span class='ocrx_word' id='word_1_128' title='bbox 698 1841 753 1909; x_wconf 84' lang='grc' dir='ltr'><strong><em>καλ</em></strong></span> <span class='ocrx_word' id='word_1_129' title='bbox 777 1841 957 1929; x_wconf 77' lang='grc' dir='ltr'><strong><em>Οὐαλέριος</em></strong></span> <span class='ocrx_word' id='word_1_130' title='bbox 979 1844 1103 1920; x_wconf 84' lang='grc' dir='ltr'><strong><em>πολλὰς</em></strong></span> <span class='ocrx_word' id='word_1_131' title='bbox 1117 1863 1144 1904; x_wconf 80' lang='grc' dir='ltr'><strong><em>ιι</em></strong></span> 
     </span>
     <span class='ocr_line' id='line_1_17' title="bbox 80 1941 1104 2036; baseline 0.001 -23"><span class='ocrx_word' id='word_1_132' title='bbox 80 1950 225 2032; x_wconf 79' lang='grc' dir='ltr'><strong><em>ἄγοντες</em></strong></span> <span class='ocrx_word' id='word_1_133' title='bbox 248 1950 406 2035; x_wconf 76' lang='grc' dir='ltr'><strong><em>ὁλκάδας,</em></strong></span> <span class='ocrx_word' id='word_1_134' title='bbox 436 1949 474 2016; x_wconf 88' lang='grc' dir='ltr'><strong><em>έν</em></strong></span> <span class='ocrx_word' id='word_1_135' title='bbox 496 1941 549 2028; x_wconf 79' lang='grc' dir='ltr'><strong><em>αἷς</em></strong></span> <span class='ocrx_word' id='word_1_136' title='bbox 571 1950 761 2036; x_wconf 77' lang='grc' dir='ltr'><strong><em>ἐκομίζοντο</em></strong></span> <span class='ocrx_word' id='word_1_137' title='bbox 784 1959 901 2035; x_wconf 88' lang='grc' dir='ltr'><strong><em>πυρῶν</em></strong></span> <span class='ocrx_word' id='word_1_138' title='bbox 923 1948 1019 2015; x_wconf 85' lang='grc' dir='ltr'><strong><em>πέντε</em></strong></span> <span class='ocrx_word' id='word_1_139' title='bbox 1043 1971 1104 2032; x_wconf 87' lang='grc' dir='ltr'><strong><em>μν-</em></strong></span> 
     </span>
     <span class='ocr_line' id='line_1_18' title="bbox 80 2050 1105 2141; baseline 0 -21"><span class='ocrx_word' id='word_1_140' title='bbox 80 2056 200 2140; x_wconf 87' lang='grc' dir='ltr'><strong><em>ριάδες</em></strong></span> <span class='ocrx_word' id='word_1_141' title='bbox 228 2058 397 2141; x_wconf 76' lang='grc' dir='ltr'><strong><em>μεδίμνων</em></strong></span> <span class='ocrx_word' id='word_1_142' title='bbox 421 2061 620 2140; x_wconf 83' lang='grc' dir='ltr'><strong><em>Σικελικῶν,</em></strong></span> <span class='ocrx_word' id='word_1_143' title='bbox 648 2050 696 2122; x_wconf 76' lang='grc' dir='ltr'><strong><em>ὧν</em></strong></span> <span class='ocrx_word' id='word_1_144' title='bbox 723 2056 760 2121; x_wconf 89' lang='grc' dir='ltr'><strong><em>τὸ</em></strong></span> <span class='ocrx_word' id='word_1_145' title='bbox 789 2051 850 2140; x_wconf 68' lang='grc' dir='ltr'><strong><em>μὲν</em></strong></span> <span class='ocrx_word' id='word_1_146' title='bbox 876 2055 978 2139; x_wconf 73' lang='grc' dir='ltr'><strong><em>ἥμισυ</em></strong></span> <span class='ocrx_word' id='word_1_147' title='bbox 1006 2052 1105 2139; x_wconf 86' lang='grc' dir='ltr'><strong><em>μέρος</em></strong></span> 
     </span>
    </p>

    <p class='ocr_par' dir='ltr' id='par_1_4' title="bbox 40 2156 1105 2354">
     <span class='ocr_line' id='line_1_19' title="bbox 40 2156 1105 2248; baseline -0.002 -20"><span class='ocrx_word' id='word_1_148' title='bbox 40 2218 43 2237; x_wconf 90' lang='grc'><strong><em>,</em></strong></span> <span class='ocrx_word' id='word_1_149' title='bbox 79 2162 218 2246; x_wconf 78' lang='grc' dir='ltr'><strong><em>ὠνητὸν</em></strong></span> <span class='ocrx_word' id='word_1_150' title='bbox 231 2156 276 2244; x_wconf 74' lang='grc' dir='ltr'><strong><em>ἦν</em></strong></span> <span class='ocrx_word' id='word_1_151' title='bbox 289 2165 443 2248; x_wconf 82' lang='grc' dir='ltr'><strong><em>βραχείας</em></strong></span> <span class='ocrx_word' id='word_1_152' title='bbox 455 2163 545 2228; x_wconf 90' lang='grc' dir='ltr'><strong><em>πάνυ</em></strong></span> <span class='ocrx_word' id='word_1_153' title='bbox 559 2171 665 2246; x_wconf 77' lang='grc' dir='ltr'><strong><em>τιμῆς,</em></strong></span> <span class='ocrx_word' id='word_1_154' title='bbox 678 2164 717 2228; x_wconf 86' lang='grc' dir='ltr'><strong><em>τὸ</em></strong></span> <span class='ocrx_word' id='word_1_155' title='bbox 731 2158 769 2226; x_wconf 72' lang='grc' dir='ltr'><strong><em>δέ</em></strong></span> <span class='ocrx_word' id='word_1_156' title='bbox 783 2161 928 2227; x_wconf 89' lang='grc' dir='ltr'><strong><em>λοιπὸνδ</em></strong></span> <span class='ocrx_word' id='word_1_157' title='bbox 940 2161 1105 2245; x_wconf 85' lang='grc' dir='ltr'><strong><em>τύραννος</em></strong></span> 
     </span>
     <span class='ocr_line' id='line_1_20' title="bbox 79 2265 1105 2354; baseline -0.004 -22"><span class='ocrx_word' id='word_1_158' title='bbox 79 2267 283 2334; x_wconf 79' lang='grc' dir='ltr'><strong><em>ἀπεστάλκει</em></strong></span> <span class='ocrx_word' id='word_1_159' title='bbox 310 2277 430 2354; x_wconf 80' lang='grc' dir='ltr'><strong><em>προίκα</em></strong></span> <span class='ocrx_word' id='word_1_160' title='bbox 457 2270 538 2346; x_wconf 88' lang='grc' dir='ltr'><strong><em>δοὺς</em></strong></span> <span class='ocrx_word' id='word_1_161' title='bbox 563 2266 619 2333; x_wconf 79' lang='grc' dir='ltr'><strong><em>καί</em></strong></span> <span class='ocrx_word' id='word_1_162' title='bbox 646 2265 753 2334; x_wconf 87' lang='grc' dir='ltr'><strong><em>τέλεσι</em></strong></span> <span class='ocrx_word' id='word_1_163' title='bbox 780 2269 1007 2353; x_wconf 87' lang='grc' dir='ltr'><strong><em>παρακομίσας</em></strong></span> <span class='ocrx_word' id='word_1_164' title='bbox 1034 2275 1105 2342; x_wconf 82' lang='grc' dir='ltr'><strong><em>τοίς</em></strong></span> 
     </span>
    </p>
   </div>
   <div class='ocr_carea' id='block_1_3' title="bbox 76 2353 1146 3096">
    <p class='ocr_par' dir='ltr' id='par_1_5' title="bbox 76 2353 1146 3096">
     <span class='ocr_line' id='line_1_21' title="bbox 82 2353 1146 2468; baseline -0.004 -30"><span class='ocrx_word' id='word_1_165' title='bbox 82 2375 196 2450; x_wconf 84' lang='grc' dir='ltr'><strong><em>ίδίοις.</em></strong></span> <span class='ocrx_word' id='word_1_166' title='bbox 228 2373 276 2449; x_wconf 83' lang='grc' dir='ltr'><strong><em>ὡς</em></strong></span> <span class='ocrx_word' id='word_1_167' title='bbox 294 2370 324 2438; x_wconf 88' lang='grc' dir='ltr'><strong><em>δ’</em></strong></span> <span class='ocrx_word' id='word_1_168' title='bbox 346 2371 540 2457; x_wconf 80' lang='grc' dir='ltr'><strong><em>ἀπηγγέλθη</em></strong></span> <span class='ocrx_word' id='word_1_169' title='bbox 558 2385 627 2450; x_wconf 69' lang='grc' dir='ltr'><strong><em>τοῖς</em></strong></span> <span class='ocrx_word' id='word_1_170' title='bbox 646 2373 683 2440; x_wconf 87' lang='grc' dir='ltr'><strong><em>έν</em></strong></span> <span class='ocrx_word' id='word_1_171' title='bbox 701 2382 740 2458; x_wconf 75' lang='grc' dir='ltr'><strong><em>τῇ</em></strong></span> <span class='ocrx_word' id='word_1_172' title='bbox 759 2375 854 2439; x_wconf 88' lang='grc' dir='ltr'><strong><em>πόλει</em></strong></span> <span class='ocrx_word' id='word_1_173' title='bbox 876 2372 895 2438; x_wconf 89' lang='grc' dir='ltr'><strong><em>δ</em></strong></span> <span class='ocrx_word' id='word_1_174' title='bbox 917 2353 1146 2468; x_wconf 56' lang='grc' dir='ltr'><strong><em>κατάπλουςὲἐο</em></strong></span> 
     </span>
     <span class='ocr_line' id='line_1_22' title="bbox 79 2477 1105 2564; baseline -0.004 -20"><span class='ocrx_word' id='word_1_175' title='bbox 79 2490 148 2544; x_wconf 85' lang='grc' dir='ltr'><strong><em>τῶν</em></strong></span> <span class='ocrx_word' id='word_1_176' title='bbox 169 2489 319 2564; x_wconf 88' lang='grc' dir='ltr'><strong><em>σιτηγῶν</em></strong></span> <span class='ocrx_word' id='word_1_177' title='bbox 338 2480 491 2546; x_wconf 89' lang='grc' dir='ltr'><strong><em>ὁλκάδων</em></strong></span> <span class='ocrx_word' id='word_1_178' title='bbox 508 2491 577 2545; x_wconf 90' lang='grc' dir='ltr'><strong><em>τῶν</em></strong></span> <span class='ocrx_word' id='word_1_179' title='bbox 591 2479 655 2545; x_wconf 86' lang='grc' dir='ltr'><strong><em>άπὸ</em></strong></span> <span class='ocrx_word' id='word_1_180' title='bbox 669 2482 836 2561; x_wconf 87' lang='grc' dir='ltr'><strong><em>Σικελίας,</em></strong></span> <span class='ocrx_word' id='word_1_181' title='bbox 853 2477 959 2561; x_wconf 81' lang='grc' dir='ltr'><strong><em>πολλη</em></strong></span> <span class='ocrx_word' id='word_1_182' title='bbox 975 2479 1105 2560; x_wconf 78' lang='grc' dir='ltr'><strong><em>ζήτησις</em></strong></span> 
     </span>
     <span class='ocr_line' id='line_1_23' title="bbox 80 2581 1105 2672; baseline -0.004 -20"><span class='ocrx_word' id='word_1_183' title='bbox 80 2584 240 2652; x_wconf 84' lang='grc' dir='ltr'><strong><em>ἐνέπιπτε</em></strong></span> <span class='ocrx_word' id='word_1_184' title='bbox 272 2597 341 2663; x_wconf 73' lang='grc' dir='ltr'><strong><em>τοῖς</em></strong></span> <span class='ocrx_word' id='word_1_185' title='bbox 369 2589 555 2670; x_wconf 87' lang='grc' dir='ltr'><strong><em>πατρικίοις</em></strong></span> <span class='ocrx_word' id='word_1_186' title='bbox 580 2581 664 2672; x_wconf 74' lang='grc' dir='ltr'><strong><em>ὑπὲρ</em></strong></span> <span class='ocrx_word' id='word_1_187' title='bbox 691 2595 751 2669; x_wconf 82' lang='grc' dir='ltr'><strong><em>της</em></strong></span> <span class='ocrx_word' id='word_1_188' title='bbox 778 2581 960 2659; x_wconf 83' lang='grc' dir='ltr'><strong><em>διαθέσεως</em></strong></span> <span class='ocrx_word' id='word_1_189' title='bbox 991 2581 1105 2648; x_wconf 84' lang='grc' dir='ltr'><strong><em>αὐτοῦ.</em></strong></span> 
     </span>
     <span class='ocr_line' id='line_1_24' title="bbox 79 2689 1106 2777; baseline -0.004 -19"><span class='ocrx_word' id='word_1_190' title='bbox 79 2694 116 2758; x_wconf 78' lang='grc' dir='ltr'><strong><em>οἱ</em></strong></span> <span class='ocrx_word' id='word_1_191' title='bbox 127 2689 195 2777; x_wconf 79' lang='grc' dir='ltr'><strong><em>μέν</em></strong></span> <span class='ocrx_word' id='word_1_192' title='bbox 213 2693 280 2777; x_wconf 84' lang='grc' dir='ltr'><strong><em>γάρ</em></strong></span> <span class='ocrx_word' id='word_1_193' title='bbox 299 2690 533 2758; x_wconf 80' lang='grc' dir='ltr'><strong><em>ἐπιεικέστατοι</em></strong></span> <span class='ocrx_word' id='word_1_194' title='bbox 551 2689 731 2758; x_wconf 78' lang='grc' dir='ltr'><strong><em>αὐτῶνκαὶ</em></strong></span> <span class='ocrx_word' id='word_1_195' title='bbox 749 2690 1010 2775; x_wconf 84' lang='grc' dir='ltr'><strong><em>φιλοδημότατοι</em></strong></span> <span class='ocrx_word' id='word_1_196' title='bbox 1023 2691 1106 2771; x_wconf 83' lang='grc' dir='ltr'><strong><em>πρὸς</em></strong></span> 
     </span>
     <span class='ocr_line' id='line_1_25' title="bbox 76 2794 1105 2883; baseline -0.004 -20"><span class='ocrx_word' id='word_1_197' title='bbox 76 2800 137 2876; x_wconf 83' lang='grc' dir='ltr'><strong><em>τὰς</em></strong></span> <span class='ocrx_word' id='word_1_198' title='bbox 164 2799 373 2883; x_wconf 86' lang='grc' dir='ltr'><strong><em>κατεχούσας</em></strong></span> <span class='ocrx_word' id='word_1_199' title='bbox 398 2800 437 2864; x_wconf 87' lang='grc' dir='ltr'><strong><em>τὸ</em></strong></span> <span class='ocrx_word' id='word_1_200' title='bbox 464 2800 581 2864; x_wconf 88' lang='grc' dir='ltr'><strong><em>κοινὸν</em></strong></span> <span class='ocrx_word' id='word_1_201' title='bbox 608 2797 753 2880; x_wconf 88' lang='grc' dir='ltr'><strong><em>άνάγκας</em></strong></span> <span class='ocrx_word' id='word_1_202' title='bbox 781 2794 1022 2880; x_wconf 84' lang='grc' dir='ltr'><strong><em>ἀποβλέποντες</em></strong></span> <span class='ocrx_word' id='word_1_203' title='bbox 1044 2798 1105 2877; x_wconf 83' lang='grc' dir='ltr'><strong><em>την</em></strong></span> 
     </span>
     <span class='ocr_line' id='line_1_26' title="bbox 77 2899 1146 2990; baseline -0.007 -22"><span class='ocrx_word' id='word_1_204' title='bbox 77 2929 114 2970; x_wconf 88' lang='grc' dir='ltr'><strong><em>τε</em></strong></span> <span class='ocrx_word' id='word_1_205' title='bbox 137 2906 236 2990; x_wconf 80' lang='grc' dir='ltr'><strong><em>παρὰ</em></strong></span> <span class='ocrx_word' id='word_1_206' title='bbox 259 2913 320 2970; x_wconf 84' lang='grc' dir='ltr'><strong><em>τοῦ</em></strong></span> <span class='ocrx_word' id='word_1_207' title='bbox 342 2903 511 2990; x_wconf 85' lang='grc' dir='ltr'><strong><em>τυράννου</em></strong></span> <span class='ocrx_word' id='word_1_208' title='bbox 534 2904 664 2989; x_wconf 84' lang='grc' dir='ltr'><strong><em>δωρεάν</em></strong></span> <span class='ocrx_word' id='word_1_209' title='bbox 686 2899 860 2989; x_wconf 78' lang='grc' dir='ltr'><strong><em>παρῄνουν</em></strong></span> <span class='ocrx_word' id='word_1_210' title='bbox 878 2902 1010 2966; x_wconf 79' lang='grc' dir='ltr'><strong><em>ἅπασαν</em></strong></span> <span class='ocrx_word' id='word_1_211' title='bbox 1033 2901 1104 2964; x_wconf 82' lang='grc' dir='ltr'><strong><em>δια·</em></strong></span> <span class='ocrx_word' id='word_1_212' title='bbox 1118 2917 1146 2960; x_wconf 79' lang='grc' dir='ltr'><strong><em>ει</em></strong></span> 
     </span>
     <span class='ocr_line' id='line_1_27' title="bbox 76 3005 1105 3096; baseline -0.005 -21"><span class='ocrx_word' id='word_1_213' title='bbox 76 3021 198 3096; x_wconf 85' lang='grc' dir='ltr'><strong><em>νείματ</em></strong></span> <span class='ocrx_word' id='word_1_214' title='bbox 216 3020 288 3086; x_wconf 82' lang='grc' dir='ltr'><strong><em>τοίς</em></strong></span> <span class='ocrx_word' id='word_1_215' title='bbox 307 3010 506 3094; x_wconf 77' lang='grc' dir='ltr'><strong><em>δημοτικοῖς,</em></strong></span> <span class='ocrx_word' id='word_1_216' title='bbox 523 3006 579 3074; x_wconf 85' lang='grc' dir='ltr'><strong><em>καὶ</em></strong></span> <span class='ocrx_word' id='word_1_217' title='bbox 597 3011 657 3076; x_wconf 89' lang='grc' dir='ltr'><strong><em>τὸν</em></strong></span> <span class='ocrx_word' id='word_1_218' title='bbox 676 3005 849 3093; x_wconf 82' lang='grc' dir='ltr'><strong><em>ὠνηθέντα</em></strong></span> <span class='ocrx_word' id='word_1_219' title='bbox 868 3005 904 3072; x_wconf 86' lang='grc' dir='ltr'><strong><em>έκ</em></strong></span> <span class='ocrx_word' id='word_1_220' title='bbox 921 3016 989 3072; x_wconf 89' lang='grc' dir='ltr'><strong><em>τῶν</em></strong></span> <span class='ocrx_word' id='word_1_221' title='bbox 1004 3008 1105 3090; x_wconf 89' lang='grc' dir='ltr'><strong><em>δημο-</em></strong></span> 
     </span>
    </p>
   </div>
   <div class='ocr_carea' id='block_1_4' title="bbox 77 3229 1107 3504">
    <p class='ocr_par' dir='ltr' id='par_1_6' title="bbox 77 3229 1107 3504">
     <span class='ocr_line' id='line_1_28' title="bbox 153 3229 1105 3307; baseline -0.007 -16"><span class='ocrx_word' id='word_1_222' title='bbox 153 3245 172 3293; x_wconf 89' lang='grc'><strong>6</strong></span> <span class='ocrx_word' id='word_1_223' title='bbox 195 3232 377 3306; x_wconf 79' lang='grc' dir='ltr'><strong><em>χρησομένων</em></strong></span> <span class='ocrx_word' id='word_1_224' title='bbox 397 3235 420 3290; x_wconf 93' lang='grc' dir='ltr'>Ο</span> <span class='ocrx_word' id='word_1_225' title='bbox 439 3233 621 3307; x_wconf 86' lang='grc' dir='ltr'><strong><em>χρησαμένων</em></strong></span> <span class='ocrx_word' id='word_1_226' title='bbox 640 3250 663 3290; x_wconf 84' lang='grc' dir='ltr'><strong><em>ο.</em></strong></span> <span class='ocrx_word' id='word_1_227' title='bbox 682 3232 827 3302; x_wconf 77' lang='lat' dir='ltr'><strong>Kieesling</strong></span> <span class='ocrx_word' id='word_1_228' title='bbox 919 3239 935 3286; x_wconf 90' lang='grc'><strong>8</strong></span> <span class='ocrx_word' id='word_1_229' title='bbox 955 3229 1013 3300; x_wconf 79' lang='grc' dir='ltr'><strong><em>ὅτε]</em></strong></span> <span class='ocrx_word' id='word_1_230' title='bbox 1033 3229 1105 3284; x_wconf 79' lang='grc' dir='ltr'><strong><em>ὅθεν</em></strong></span> 
     </span>
     <span class='ocr_line' id='line_1_29' title="bbox 79 3299 1106 3378; baseline -0.006 -18"><span class='ocrx_word' id='word_1_231' title='bbox 79 3325 103 3363; x_wconf 86' lang='grc' dir='ltr'><strong><em>ο.</em></strong></span> <span class='ocrx_word' id='word_1_232' title='bbox 121 3306 278 3375; x_wconf 80' lang='lat' dir='ltr'><strong>Kiessling</strong></span> <span class='ocrx_word' id='word_1_233' title='bbox 338 3314 354 3361; x_wconf 84' lang='grc'>9</span> <span class='ocrx_word' id='word_1_234' title='bbox 373 3307 462 3361; x_wconf 75' lang='grc' dir='ltr'><strong><em>πολὺν</em></strong></span> <span class='ocrx_word' id='word_1_235' title='bbox 481 3307 547 3361; x_wconf 82' lang='lat' dir='ltr'><strong>add.</strong></span> <span class='ocrx_word' id='word_1_236' title='bbox 565 3306 589 3358; x_wconf 95' lang='lat' dir='ltr'>B</span> <span class='ocrx_word' id='word_1_237' title='bbox 649 3311 680 3359; x_wconf 86' lang='lat'><strong><em>11</em></strong></span> <span class='ocrx_word' id='word_1_238' title='bbox 702 3301 762 3378; x_wconf 78' lang='grc' dir='ltr'><strong><em>ἰδίᾳ</em></strong></span> <span class='ocrx_word' id='word_1_239' title='bbox 780 3304 951 3376; x_wconf 78' lang='grc' dir='ltr'><strong><em>ἀμείβεσθαι</em></strong></span> <span class='ocrx_word' id='word_1_240' title='bbox 969 3317 992 3356; x_wconf 91' lang='grc' dir='ltr'><strong><em>ο.</em></strong></span> <span class='ocrx_word' id='word_1_241' title='bbox 1011 3299 1106 3354; x_wconf 77' lang='grc' dir='ltr'><strong><em>Κὶεεε-</em></strong></span> 
     </span>
     <span class='ocr_line' id='line_1_30' title="bbox 77 3370 1107 3450; baseline -0.007 -18"><span class='ocrx_word' id='word_1_242' title='bbox 77 3379 142 3448; x_wconf 81' lang='lat' dir='ltr'><strong>ling</strong></span> <span class='ocrx_word' id='word_1_243' title='bbox 229 3381 264 3432; x_wconf 81' lang='lat'><strong><em>15</em></strong></span> <span class='ocrx_word' id='word_1_244' title='bbox 284 3371 315 3431; x_wconf 83' lang='grc' dir='ltr'><strong><em>ἐν</em></strong></span> <span class='ocrx_word' id='word_1_245' title='bbox 333 3375 450 3450; x_wconf 76' lang='grc' dir='ltr'><strong><em>Σικελίᾳ</em></strong></span> <span class='ocrx_word' id='word_1_246' title='bbox 469 3377 491 3431; x_wconf 93' lang='grc'>0</span> <span class='ocrx_word' id='word_1_247' title='bbox 510 3375 665 3446; x_wconf 77' lang='lat' dir='ltr'>praeterB</span> <span class='ocrx_word' id='word_1_248' title='bbox 743 3381 778 3428; x_wconf 78' lang='lat'><strong><em>25</em></strong></span> <span class='ocrx_word' id='word_1_249' title='bbox 797 3373 886 3428; x_wconf 85' lang='grc' dir='ltr'><strong><em>άπυοι</em></strong></span> <span class='ocrx_word' id='word_1_250' title='bbox 905 3372 928 3426; x_wconf 95' lang='grc'>0</span> <span class='ocrx_word' id='word_1_251' title='bbox 948 3370 1063 3424; x_wconf 78' lang='grc' dir='ltr'><strong><em>ἅπασαν</em></strong></span> <span class='ocrx_word' id='word_1_252' title='bbox 1082 3389 1107 3426; x_wconf 85' lang='grc' dir='ltr'><strong><em>α.</em></strong></span> 
     </span>
     <span class='ocr_line' id='line_1_31' title="bbox 79 3447 498 3504; baseline -0.002 -1"><span class='ocrx_word' id='word_1_253' title='bbox 79 3449 214 3504; x_wconf 77' lang='lat' dir='ltr'>Sintenis</span> <span class='ocrx_word' id='word_1_254' title='bbox 233 3447 298 3503; x_wconf 86' lang='lat' dir='ltr'><strong><em>Em.</em></strong></span> <span class='ocrx_word' id='word_1_255' title='bbox 316 3447 398 3504; x_wconf 88' lang='lat' dir='ltr'><strong>Dion.</strong></span> <span class='ocrx_word' id='word_1_256' title='bbox 413 3449 452 3502; x_wconf 89' lang='grc' dir='ltr'><strong><em>ΙΠ</em></strong></span> <span class='ocrx_word' id='word_1_257' title='bbox 467 3454 498 3502; x_wconf 90' lang='grc'><strong><em>11</em></strong></span> 
     </span>
    </p>
   </div>
   <div class='ocr_carea' id='block_1_5' title="bbox 132 3533 944 3590">
    <p class='ocr_par' dir='ltr' id='par_1_7' title="bbox 132 3533 944 3590">
     <span class='ocr_line' id='line_1_32' title="bbox 132 3533 944 3590; baseline -0.015 1"><span class='ocrx_word' id='word_1_258' title='bbox 132 3551 243 3590; x_wconf 76' lang='lat' dir='ltr'><strong>mom.</strong></span> <span class='ocrx_word' id='word_1_259' title='bbox 261 3547 326 3589; x_wconf 72' lang='lat' dir='ltr'><strong><em>Eu.</em></strong></span> <span class='ocrx_word' id='word_1_260' title='bbox 335 3547 381 3588; x_wconf 85' lang='grc' dir='ltr'><strong><em>ΠΙ,</em></strong></span> <span class='ocrx_word' id='word_1_261' title='bbox 407 3557 448 3588; x_wconf 76' lang='grc' dir='ltr'><strong><em>πο.</em></strong></span> <span class='ocrx_word' id='word_1_262' title='bbox 460 3548 563 3588; x_wconf 67' lang='lat' dir='ltr'><strong>monz.</strong></span> <span class='ocrx_word' id='word_1_263' title='bbox 928 3533 944 3579; x_wconf 82' lang='lat'><strong>3</strong></span> 
     </span>
    </p>
   </div>
   <div class='ocr_carea' id='block_1_6' title="bbox 0 0 1252 3878">
    <p class='ocr_par' dir='ltr' id='par_1_8' title="bbox 0 0 1252 3878">
     <span class='ocr_line' id='line_1_33' title="bbox 0 0 1252 3878; baseline 0 0"><span class='ocrx_word' id='word_1_264' title='bbox 0 0 1252 3878; x_wconf 95' lang='lat' dir='ltr'><strong><em> </em></strong></span> 
     </span>
    </p>
   </div>
  </div>
 </body>
</html>
