2538 3884
61 219 181 284 Ι394
537 216 703 269 -Θ··

114 381 365 465 ἀπεκομίζοντο,
392 383 606 455 τελευτῶντες
629 374 676 462 δ’,
703 371 752 443 ὧν
775 376 944 463 ἐλάχιστος
966 371 1009 461 ἡν
1033 376 1052 443 ό
1077 381 1136 444 λό-

52 508 58 520 ’
113 511 183 572 γος,
199 489 248 565 είς
260 489 298 552 τὸ
312 495 372 552 τοῦ
385 481 631 572 παραρρέοντος
643 493 794 568 ποταμοῦ
809 484 949 571 ῥείθρου
964 482 1133 548 ὠθοῦντο.

114 606 181 660 τῶν
214 590 247 658 δ’
281 592 318 659 έκ
348 601 409 658 τοῦ
440 595 658 676 βουλευτικοῦ
691 591 872 676 συνεδρίου
902 591 941 656 τὸ
973 586 1135 673 τέταρτον

115 697 214 786 μέρος
241 700 464 781 συνελογίσθη
492 693 759 782 διεφθαρμένω,
787 695 823 761 έν
851 686 902 772 οἷς
924 690 1010 779 ἡσαν
1033 695 1070 760 οἵ
1090 691 1129 758 θ’
1137 716 1209 766 1932

87 806 233 872 ιῦπατοι
274 805 454 890 ἀμφότεροι
495 795 551 869 καλ
590 813 659 868 τῶν
698 801 878 888 δημάρχων
915 803 950 867 οί
983 804 1132 878 πλείους.

79 920 100 986 3
113 910 234 998 ἡρξατο
253 905 315 994 μὲν
333 905 396 976 οὖν
412 910 433 994 ἡ
452 911 553 986 νόσος
565 905 641 994 περὶ
654 908 712 985 τάς
725 907 893 985 καλάνδας
906 917 967 974 τοῦ
981 912 1133 992 Σεπτεμ-

113 1021 212 1110 βρίου
239 1018 358 1102 μηνός,
386 1013 531 1100 διέμεινε
559 1011 596 1080 δὲ
621 1016 681 1081 τὸν
703 1012 858 1080 ένιαυτὸν
882 1013 1013 1080 ἐκείνου
1036 1014 1132 1099 ὅλον,

7 1149 26 1188 z
113 1125 244 1189 άπασαν
268 1122 389 1207 δμοίως
411 1121 710 1206 καταλαμβάνουσα
731 1118 786 1186 καὶ
811 1117 1046 1206 διεργαζομένη
1065 1122 1133 1205 φό-

114 1245 169 1294 σιν
196 1252 231 1295 τε
259 1227 314 1295 καὶ
341 1228 483 1311 ἡλικίαν.
528 1213 720 1312 γενομένης
736 1222 774 1292 δὲ
795 1237 865 1304 τοῖς
886 1227 1133 1313 πλησιοχώροις

73 1358 100 1398 ιο
114 1336 267 1419 γνώσεως
295 1345 363 1401 τῶν
391 1337 597 1420 κατεχόντων
626 1333 688 1417 τὴν
712 1330 840 1417 Ῥώμην
869 1342 996 1416 κακῶν,
1022 1334 1132 1398 καλὸν

113 1441 317 1526 ἡγησάμενοι
340 1443 459 1527 καιρὸν
483 1435 612 1524 <είναι>
631 1441 776 1505 Λίκανοί
790 1460 825 1504 τε
844 1436 899 1504 καὶ
919 1438 1132 1506 Οὐολοῦσκοι

112 1553 293 1613 καταλῦσαι
320 1548 382 1631 τὴν
405 1546 512 1634 ἀρχὴν
535 1545 651 1630 αὐτῆς,
678 1547 850 1628 συνθήκας
871 1567 906 1610 τε
928 1543 984 1610 καί
1007 1545 1132 1632 ὅρκους

57 1671 73 1691 ”’
113 1652 311 1739 ἐποιήσαντο
333 1656 417 1738 πρὸς
439 1653 604 1736 ἀλλήλους
625 1649 701 1738 περὶ
725 1652 923 1737 συμμαχίας·
946 1648 1002 1716 καὶ
1023 1673 1131 1736 παρα-

114 1736 353 1843 σκευασάμενοι
384 1761 424 1824 τὰ
451 1760 500 1837 είς
526 1760 722 1845 πολιορκίαν
749 1757 932 1843 έπιτὴδεια,
964 1757 1009 1836 ώς
1036 1753 1132 1844 εἶχον

73 1850 294 1962 ἷξόμφότεροι
321 1864 455 1949 τάχους,
483 1863 602 1950 έξὴγον
628 1866 685 1943 τάς
713 1864 879 1948 δυνάμεις.
925 1865 983 1930 ἵνα
1006 1861 1044 1929 δέ
1065 1866 1130 1949 τὴν

113 1969 176 2035 άπὸ
204 1980 271 2035 τῶν
299 1971 480 2056 συμμάχων
508 1968 686 2055 ἀφέλοιντο
711 1979 769 2055 τῆς
786 1968 910 2055 Ῥώμης
933 1969 1130 2054 ἐπικουρίαν

112 2077 159 2154 είς
177 2077 237 2160 τὴν
251 2080 407 2143 Λατίνων
426 2100 461 2142 τε
479 2075 535 2142 καλ
548 2074 709 2163 Ἑρνίκων
728 2085 791 2161 γῆν
810 2088 944 2162 πρῶτον
959 2074 1128 2160 ἐνέβαλον.

111 2179 315 2267 ἀφικομένης
338 2179 376 2248 δέ
398 2186 573 2269 πρεσβείας
595 2181 649 2248 έπλ
668 2184 730 2267 τὴν
748 2184 876 2268 βουλὴν
895 2180 952 2268 ἀφ’
970 2181 1129 2269 ἑκατέρου

111 2299 178 2354 τῶν
205 2285 463 2373 πολεμουμένων
491 2291 603 2355 έθνών
630 2287 684 2354 ε’πλ
713 2292 898 2375 συμμαχίας
919 2290 1129 2375 παράκλησιν

72 2395 130 2462 ιοό
159 2390 219 2480 μὲν
247 2394 357 2482 ἕτερος
378 2405 445 2460 τών
461 2394 603 2462 ’ὑπάτων
626 2397 770 2472 Λεύκιος
792 2397 972 2481 Αἰβούτιος
995 2395 1129 2480 ἐκείνην

112 2503 205 2588 έτυχε
232 2502 293 2585 τὴν
321 2498 446 2586 ἡμέραν
473 2503 658 2586 τεθνηκώς,
687 2505 835 2580 Πόπλιος
863 2498 901 2567 δὲ
929 2505 1130 2586 Σερουίλιος
1258 2543 1262 2550 -

112 2607 211 2693 ἐγγὺς
238 2609 286 2674 ών
313 2618 373 2674 τοῦ
400 2608 564 2674 θανάτου·
598 2607 634 2684 ὃς
659 2611 707 2674 έτι
731 2608 846 2693 ὀλίγον
870 2606 1021 2693 ἐμπνέων
1044 2625 1199 2677 συν-1933

27 2707 38 2803 f
77 2716 222 2791 5εκάλει
244 2716 305 2799 τὴν
327 2716 463 2800 βουλήν.
509 2724 577 2779 τῶν
600 2711 631 2779 δ’
658 2714 693 2780 οί
713 2717 848 2792 πλείους
869 2714 1051 2806 ἡμιθνῆτες
1074 2713 1130 2780 έπλ

112 2822 285 2900 κλινιδίων
304 2817 518 2905 κομισθέντες
536 2817 591 2885 καλ
609 2821 890 2907 συνεδρεύσαντες
906 2819 1128 2906 ἀπεκρίναντο

71 2953 98 2996 ιτ
111 2936 181 3002 τοϊς
209 2933 373 3009 παροῦσιν
401 2923 575 3008 ἀγγέλλειν
602 2936 671 3004 τοϊς
699 2924 887 3013 σφετέροις,
917 2927 967 2993 ότι
990 2927 1046 2992 διὰ
1069 2937 1130 3011 τῆς

112 3031 237 3099 ἑαυτῶν
275 3029 391 3116 άρετὴς
426 3033 505 3108 τοὺς
536 3035 715 3116 πολεμίους
747 3031 935 3117 ἀμύνεσθαι
965 3033 986 3116 ἡ
1019 3034 1128 3118 βουλὴ

111 3140 223 3216 αὐτοῖς
256 3136 436 3224 ἐπιτρέπει,
468 3134 581 3223 μέχρις
608 3137 651 3204 όν
679 3140 697 3205 ὁ
724 3139 848 3216 ὕπατος
876 3138 992 3225 ῥαίσῃ,
1023 3137 1079 3206 καλ
1108 3139 1129 3222 ἡ

182 3338 196 3386 1
216 3349 246 3386 τε
266 3330 288 3385 0
308 3329 339 3385 δὲ
359 3329 482 3400 Sylburg
506 3332 509 3400 ἡ
536 3329 551 3384 ὁ
571 3331 625 3384 del.
646 3331 735 3386 Cobet
754 3330 820 3386 0bs.
838 3349 865 3401 p.
887 3337 938 3386 185
1018 3337 1035 3385 2
1055 3350 1130 3401 τιαρ-

110 3400 305 3524 gaq>ps¹ovvog
323 3403 344 3454 Β
461 3407 493 3455 11
520 3398 593 3490 εἶναι
613 3402 678 3457 add.
698 3401 843 3473 Kiessling
866 3399 941 3472 ἔχειν
960 3400 1080 3458 Αίκανολ
1105 3420 1129 3462 ο,

135 3474 201 3525 obet
220 3470 286 3526 obs.
304 3489 332 3539 p.
353 3476 403 3526 185
477 3477 511 3526 27
530 3491 611 3542 μεχρι
630 3473 674 3526 Ba
