2496 3878
162 223 205 288 52
587 223 748 272 -z-

161 388 298 461 πολλοῖς
325 379 556 469 ἀπεχθομένου
584 382 729 468 σώφρων
756 380 912 466 εὐλάβεια
934 382 1018 464 πρὸς
1040 381 1097 457 τὰς
1117 388 1179 446 τοῦ

161 500 362 592 κρατοῦντος
394 488 511 575 όργάς,
542 483 614 554 ἀλλ’
646 489 692 565 ῶς
722 485 848 573 ἐχθροῦ
879 490 1181 572 προπηλακίζοντος

162 595 267 674 ἀδεῶς
292 598 372 673 τοὺς
397 594 463 661 ὑπὸ
491 605 601 680 χεῖρας
628 594 769 680 ἄκρατός
794 615 844 671 τις
870 596 952 680 χολή
982 591 1037 659 καὶ
1063 596 1181 678 βαρεῖα

161 711 222 768 τοῦ
244 713 352 780 κακῶς
373 702 558 788 πάσχοντος
579 700 753 787 ὑπεροψία.

136 831 150 872 ο
230 807 364 874 XXXV.
395 808 570 895 Τοιγάρτοι
592 803 794 890 λέγοντόςτ’
816 805 921 872 αὐτοῦ
939 805 1060 890 μεταξὺ
1078 809 1186 882 πολὺς

164 918 313 1001 θόρυβος
335 913 463 998 ἐγίνετο
486 915 564 999 τῇδε
587 910 643 978 καὶ
665 914 743 998 τήδε
766 913 895 997 θαμινά
914 907 1226 1044 μεθελκομένοις,ρ

164 1023 210 1098 ῶς
237 1020 273 1086 ἐν
302 1023 492 1106 διαφόροις,
518 1022 663 1104 πλήθεσι
685 1018 741 1086 καὶ
764 1019 806 1086 οὐ
828 1018 931 1084 ταύτά
953 995 1226 1104 βουλομένοις,

164 1137 232 1192 τῶν
263 1122 324 1210 μὲν
356 1123 531 1209 ἡδομένων
564 1122 616 1190 ἐπὶ
648 1137 719 1202 τοῖς
749 1127 862 1208 λόγοις
893 1123 1014 1206 αὐτοῦ,
1045 1134 1111 1189 τῶν
1147 1119 1188 1188 δὲ

126 1232 265 1376 2πάλιν
298 1229 505 1316 ἀχθομένων.
555 1229 611 1296 καὶ
644 1231 757 1314 ἐπειδή
788 1229 952 1296 ἐπαύσατο
980 1228 1104 1313 λέγων,
1136 1231 1227 1294 ἔτι

126 1387 152 1426 ,0
126 1313 288 1402 2πλείων
311 1335 432 1420 ἀνέστη
456 1337 518 1420 βοή
541 1334 597 1401 καὶ
614 1340 771 1422 θόρυβος.
805 1333 896 1403 οίέ
856 1360 879 1420 μ
897 1360 918 1402 ν
936 1336 1000 1420 γὰρ
1017 1339 1192 1421 πατρίκιοι

35 1467 60 1519 >
166 1443 342 1529 κράτιστον
361 1441 496 1528 ἀνδρῶν
515 1440 666 1526 λέγοντες
684 1439 833 1529 ἐπήκοον
851 1443 955 1509 αὐτὸν
973 1440 1027 1508 ἐπὶ
1043 1450 1082 1527 τῇ
1101 1463 1194 1526 παρ-

167 1551 267 1638 ρησίᾳ
295 1548 350 1616 καὶ
378 1553 484 1633 μόνον
512 1548 697 1636 ἀπέφαινον
725 1548 759 1627 ἐξ
787 1547 942 1616 ἁπάντων
970 1559 1065 1634 σφῶν
1094 1547 1194 1614 ἐλεύ-
1227 1609 1228 1620 ,

166 1662 283 1741 θερον,
307 1655 344 1732 ὃς
367 1656 443 1721 οὔτε
466 1659 633 1740 πολεμίων
656 1657 784 1721 ἔδεισεν
807 1654 969 1722 ἐπιόντων
988 1657 1089 1740 ὄχλον
1108 1655 1195 1720 οὔτε

167 1766 312 1826 πολιτῶν
336 1761 497 1838 αὐθάδεις
518 1759 574 1827 καί
596 1765 810 1846 παρανόμους
832 1761 1048 1828 ἐκολάκευσεν
1068 1760 1197 1846 ὁρμάς·

128 1889 153 1930 ιε
169 1867 204 1932 οί
225 1863 262 1932 δέ
284 1866 456 1952 δημοτικοὶ
479 1870 802 1954 δυσανασχετοῦντες
825 1865 878 1934 ἐπὶ
895 1879 964 1944 τοῖς
983 1867 1229 1950 όνειδισμοϊςεε

167 1975 275 2058 βαρὺν
297 1971 352 2038 καὶ
375 1977 495 2060 πικρὸν
515 1972 571 2040 καὶ
588 1977 756 2060 πολεμίων
776 1973 932 2040 ἁπάντων
951 1977 1107 2060 ἔχθιστον
1128 1974 1199 2038 αὐ-

132 2079 226 2150 3τὸν
245 2077 441 2145 ἀπεκάλουν.
477 2085 671 2167 προθυμίαν
690 2077 727 2146 δέ
745 2082 874 2165 πολλήν
892 2076 983 2166 είχόν
1002 2103 1089 2156 τινες
1108 2081 1201 2165 ήδη,

166 2175 217 2261 οἷς
238 2187 324 2251 πολὺ
343 2193 472 2270 προσήν
490 2189 527 2253 τὸ
546 2184 687 2272 εὐχερές,
711 2183 748 2251 ἐν
767 2196 887 2272 χειρῶν
907 2185 1009 2251 αὐτὸν
1029 2186 1201 2270 διαφθεῖ-

168 2314 224 2376 ραι
241 2294 343 2382 νόμρι.
378 2295 569 2378 συνήργουν
587 2290 618 2356 δ’
635 2292 748 2368 αὐτοῖς
766 2296 814 2368 είς
832 2299 929 2356 τοῦτο
948 2289 1005 2356 καὶ
1023 2293 1203 2377 συνελάμ-

130 2424 156 2463 εο
169 2400 275 2481 βανον
307 2400 342 2466 οί
370 2401 548 2486 δήμαρχοι,
576 2398 633 2465 καὶ
662 2399 803 2484 μάλιστα
830 2401 1004 2474 Σικίννιος
1033 2396 1204 2466 ἐνεδίδου

143 2579 146 2583 ,
174 2516 243 2581 τοῖς
260 2509 448 2591 βουλήμασι
466 2507 524 2583 τὰς
541 2506 646 2590 ἡνίας.
680 2510 842 2570 τελευτῶν
861 2513 957 2587 γοῦν,
976 2503 1088 2587 ἐπειδὴ
1109 2511 1207 2570 πολ-

172 2611 234 2694 λήν
271 2612 375 2678 αὐτοῦ
409 2614 619 2699 καταδρομήν
652 2610 826 2695 ἐποιήσατο
860 2609 915 2676 καί
947 2613 1024 2687 τοὺς
1055 2615 1208 2694 θυμοὺς

168 2711 319 2792 ἐξέκαυσε
342 2727 409 2782 τῶν
428 2719 592 2802 δημοτῶν,
614 2721 719 2794 πολὺς
737 2715 928 2800 ἐμπνεύσας
949 2725 988 2802 τῇ
1007 2723 1210 2807 κατηγορίᾳ

42 2817 66 2855 “’
169 2818 263 2899 τέλος
285 2820 469 2906 ἐξήνεγκεν,
495 2824 546 2889 ὅτι
569 2823 719 2888 θάνατον
744 2822 848 2888 αὐτοῦ
871 2824 1131 2908 καταψηφίζεται
1159 2829 1209 2892 τὸ

239 2978 333 3032 Βῦπό
352 2985 398 3048 χῐε
385 2999 447 3049 ας
466 2978 538 3032 ABa
557 2977 674 3033 ὑπὸ
632 2998 674 3047 χε
675 2998 722 3046 ρα
742 2977 789 3030 Bb
862 2973 1206 3049 6ἐγίνετοΒέγὲνετο

167 3048 213 3120 R!
232 3047 286 3121 τ<η
309 3051 341 3105 δε
352 2999 411 3103 Βορ
421 3049 485 3119 (bis)
477 3047 740 3120 )Ιμεθελκομενοις
754 3048 777 3103 Ο
792 3049 1043 3120 μεθελκομὲνωνο.
1057 3049 1205 3122 Sylburg

170 3123 274 3190 μεθελκ
292 3139 376 3190 μενος
399 3138 421 3176 ο.
421 3053 544 3175 (Βοίεόεε
618 3129 650 3175 13
675 3116 832 3176 ἐπιόνταο.
853 3120 953 3189 Sylbur
1047 3121 1189 3192 ιόόργα
1163 3144 1211 3186 ας

170 3209 193 3247 ο.
216 3190 360 3262 Kiessling
433 3199 466 3248 18
494 3191 692 3263 προσήνΒη
680 3186 758 3245 νβ
783 3195 787 3261 Ι
813 3193 904 3246 αὐτῶν
928 3194 953 3245 Α
988 3209 1045 3246 ια
1027 3142 1138 3246 αῦτὸνρ
1147 3192 1213 3248 Bb

172 3269 204 3317 19
223 3262 433 3387 λσυν<η>ργουν
454 3264 477 3317 Β
505 3266 669 3334 συνείργονν
674 3213 712 3319 ηΟ
737 3261 893 3333 συνηγόρου
894 3282 911 3316 ν
935 3281 958 3319 ο
976 3263 1078 3317 Portus
1163 3270 1211 3320 21

171 3335 270 3405 βουλυ
189 3334 381 3470 έεόχιασιο.
400 3334 544 3405 Xiessling
597 3342 631 3389 23
650 3343 705 3388 τῶν
723 3336 851 3404 δημοτῶν
869 3335 1002 3396 πολυς-
1019 3337 1210 3410 κατηγορίᾳ,

172 3401 250 3465 τέλος
283 3403 418 3494 ξήνεγκεν
437 3405 646 3476 interpungitur
663 3423 698 3460 vu
732 3421 761 3472 ο,
786 3407 821 3473 δη
843 3412 927 3487 ρτῶν,
945 3404 1083 3466 πολῦς-
1104 3424 1170 3458 κατ
1149 3426 1219 3475 τ-η

171 3475 253 3549 γορία
235 3474 348 3538 ατέλος
367 3472 520 3547 ἐπήνεγκεν
538 3475 647 3546 Kruger
665 3477 720 3531 ad
745 3475 800 3530 ion.
848 3474 894 3531 ist.
912 3481 1010 3543 pam
