2496 3878
512 205 673 254 -Ζ-
1053 201 1095 265 41

25 362 369 448 ιεπάγανακτήσαντες
390 367 438 430 ἔτι
461 369 588 449 μᾶλλον
611 365 647 429 οί
666 365 830 449 δήμαρχοι
852 365 1099 449 παραλαβόντες

82 472 162 547 τούς
182 466 210 534 τ’
232 469 465 556 ἀγορανόμους
487 467 543 536 καὶ
566 480 632 536 τῶν
655 471 766 536 ἀλλων
788 474 933 536 πολιτῶν
954 471 1101 556 συχνούς

83 576 241 661 ὥρμησαν
260 573 310 640 ἐπ’
328 575 445 644 αύτόν·
469 576 487 642 ὁ
507 572 538 643 δ’
556 578 671 662 ἐτυχεν
690 577 737 641 ἐτι
756 577 936 661 διατρίβων
953 577 1018 661 πρὸ
1035 583 1097 642 τοῦ

81 685 325 767 βουλευτηρίου
358 692 426 747 τῶν
451 703 486 746 τε
513 684 706 766 πατρικίου
722 683 867 759 πολλοὺς
894 680 1098 765 ἐπαγόμενος

78 786 133 852 καὶ
156 788 221 870 τήν
244 789 350 872 ἀλλην
374 785 522 873 ἑταιρίαν
543 785 619 873 περὶ
642 787 746 854 αὑτὸν
768 789 862 873 ἔχων.
898 788 943 864 όις
961 784 999 853 δὲ
1017 753 1136 868 συν-*οξ

77 895 172 960 ειδον
194 893 300 960 αὐτὸν
320 893 355 959 oc
370 895 545 980 δήμαρχοι,
567 891 771 979 προσέταξαν
789 905 858 970 τοῖς
875 893 1096 978 ἀγορανόμοις

78 997 302 1083 ἐπιλαβέσθαι
331 1009 392 1066 τοῦ
422 1001 572 1084 σώματος
599 1002 671 1083 καί,
702 1002 733 1064 εί
759 1000 803 1084 μή
832 995 917 1064 ἑκὼν
944 1002 1098 1084 βούλεται

76 1104 302 1188 ἀκολουθεῖν,
329 1108 386 1192 βία
409 1107 515 1189 ἄγειν·
546 1101 638 1192 εἶχον
660 1101 698 1171 δὲ
719 1108 794 1172 τότε
815 1106 877 1188 τήν
900 1103 1098 1190 ἀγορανομι-

74 1212 137 1293 κην
157 1209 322 1288 ἐξουσίαν
345 1213 441 1290 Τίτος
454 1209 594 1290 Ἰούνιος
609 1216 759 1298 Βροῦτος
776 1208 831 1277 καὶ
845 1211 946 1289 Γάιος
961 1210 1099 1278 Ούισέλ-

73 1321 144 1393 λιυς
165 1314 316 1401 Ῥοῦγας.
360 1319 397 1385 οί
421 1315 483 1402 μὲν
510 1320 552 1404 δή
579 1316 768 1405 προσῄεσαν
795 1319 840 1396 όις
862 1317 1099 1403 ἐπιληψόμενοι
1113 1339 1141 1382 ιο

71 1433 131 1488 τοῦ
160 1423 309 1509 ἀνδρός,
336 1425 372 1490 οί
392 1421 429 1489 δὲ
451 1427 617 1509 πατρίκιοι
640 1427 754 1490 δεινόν
775 1423 979 1508 ἡγησάμενοι
1001 1417 1099 1509 τοῦρ-

71 1553 133 1611 γον
156 1530 234 1594 ύπὸ
258 1540 326 1594 τῶν
349 1530 527 1616 δημάρχων
548 1533 613 1616 πρὸ
637 1532 730 1614 δίκης
750 1531 895 1615 ἄγεσθαί
909 1553 985 1595 τινα
1002 1539 1099 1614 σφῶν

70 1639 127 1722 βίᾳ
145 1636 375 1721 προύστησαν
392 1646 453 1702 τοῦ
466 1639 624 1722 Μαρκίου
641 1638 698 1702 καλ
716 1637 893 1713 τύπτοντες
906 1637 984 1712 τούς
997 1635 1098 1719 ὁμόσε

68 1751 277 1828 χωροῦντας
308 1741 487 1825 ἀπήλασαν.
536 1740 777 1826 διαβοηθέντος
808 1739 846 1808 δὲ
877 1751 937 1808 τοῦ
969 1742 1135 1819 πάθους4

69 1847 132 1914 ἀνά
157 1850 232 1932 τήν
256 1851 356 1914 πόλιν
379 1848 461 1933 ὅλην
483 1847 652 1933 ἐξεπήδων
670 1849 811 1926 ἅπαντες
829 1846 951 1914 ἐκτῶν
969 1850 1099 1915 οἰκιῶν·
1113 1869 1142 1910 ιι

69 1955 103 2020 οί
123 1951 198 2040 μὲν
226 1953 265 2019 ἐν
287 1966 358 2031 τοῖς
379 1953 561 2038 ἀξιώμασιν
584 1955 678 2032 ὄντες
699 1953 755 2020 καλ
777 1955 953 2040 χρημάτων
971 1957 1101 2040 ἔχοντες

68 2056 102 2126 εὖ
134 2064 210 2127 τὸν
238 2061 397 2146 Μάρκιον
425 2060 705 2148 ὑπερασπιοῦντες
730 2063 797 2146 ἅμα
823 2072 893 2138 τολς
918 2064 1102 2146 πατρικίοις

20 2166 122 2234 ιιιικαλ
146 2167 224 2250 τήν
243 2166 385 2252 ἀρχαίαν
403 2166 663 2252 ἀνακτησόμενοι
681 2171 861 2252 πολιτείαν,
885 2169 920 2233 ολ
936 2164 974 2232 δὲ
990 2187 1102 2232 ταπει-

68 2272 119 2339 νοὶ
151 2284 239 2349 ταῖς
269 2273 383 2359 τύχαις
411 2270 466 2338 καὶ
492 2277 569 2360 βίον
598 2277 809 2353 σπανιῖοντες
835 2273 975 2358 ἀμύνειν
1001 2293 1101 2357 παρε·

69 2375 307 2463 σκευασμένοι
328 2391 397 2456 τολς
418 2379 599 2466 δημάρχοις
615 2378 671 2446 καλ
689 2392 809 2463 ποιεῖν,
832 2380 851 2444 ό
868 2402 900 2444 τι
919 2377 962 2443 ἀν
979 2377 1100 2443 ἐκείνοι
1114 2401 1143 2440 ιο

68 2489 301 2552 κελεύσωσιν·
324 2486 345 2568 ή
368 2483 397 2550 τ’
422 2487 535 2570 αίδώς,
557 2482 615 2570 ὑφ’
638 2481 678 2570 ἧς
699 2487 919 2572 κρατούμενοι
940 2481 1022 2560 τέως
1044 2482 1101 2549 ού-

68 2590 126 2658 δὲυ
158 2591 324 2674 ἐτόλμων
350 2593 397 2668 είς
424 2590 587 2677 ἀλλήλους
610 2603 831 2678 παρανομεῖν,
861 2587 926 2656 τότ’
954 2587 1101 2675 ἀνῄρητο

67 2695 122 2764 ὑπ’
153 2697 289 2762 αὐτῶν.
334 2696 375 2762 ού
403 2698 470 2780 μὴν
492 2698 637 2783 ἔδρασάν
660 2696 691 2780 γ’
713 2694 813 2764 οὐδὲν
836 2696 1018 2781 ἀνήκεστον
1040 2699 1102 2781 τήν

68 2803 208 2890 ἡμέραν
244 2799 391 2885 ἐκείνην,
423 2800 495 2868 ἀλλ’
526 2805 573 2880 είς
604 2803 665 2886 τήν
697 2802 856 2868 ἐπιοῦσαν
888 2801 1101 2887 ἀνεβάλοντο,

68 2912 192 2994 γνώμη
219 2930 257 2972 τε
282 2904 337 2972 καὶ
359 2909 560 2994 παρακλήσει
582 2920 649 2974 τῶν
671 2908 807 2974 ὑπάτων
829 2907 981 2988 είξαντες.
1115 2926 1143 2968 ιι

140 3108 160 3154 4
181 3118 220 3154 τε
238 3097 295 3151 AB
355 3101 371 3151 5
390 3092 516 3168 ἑταιρίαν
535 3099 558 3153 Ο
577 3101 689 3188 ρροθλθτ
706 3100 730 3153 Β
751 3107 755 3164 Ι
778 3100 865 3155 αύτδν
877 3100 906 3190 ,Β
961 3101 1101 3190 θάγορα-

68 3168 684 3310 ssssffifffflfflzfibmssaesszssss'sszzsssszz
700 3171 930 3298 ffiossssssffmffss
943 3171 1103 3309 im

69 3310 331 3394 λπροσήετανΒ
401 3317 433 3364 12
452 3330 532 3373 τινας
550 3311 573 3366 Ο
589 3328 662 3393 porr.
681 3311 785 3367 Reinko
854 3317 886 3365 19
906 3312 969 3382 βίου
989 3311 1012 3365 0
1032 3312 1101 3383 βίων

70 3381 273 3451 c.K1esshng
297 3381 333 3437 cf.
351 3381 523 3450 Grasberger
544 3382 709 3452 Phxlologus
733 3391 765 3438 28
785 3385 877 3451 (1869)
894 3398 921 3448 p.
942 3387 993 3433 54⁵1
1067 3387 1099 3432 21

71 3454 273 3525 τρατούμενοι
292 3452 346 3508 del.
365 3451 455 3508 Cobet
473 3451 539 3511 obs.
557 3471 585 3522 p.
601 3460 652 3508 140
