2508 3882
490 271 524 281 -
560 243 588 292 Η
623 227 667 280 -’
1016 241 1081 306 213

24 399 181 466 ιιιιαύτῶν
198 401 300 485 ἐσται,
317 404 378 467 τόν
396 423 431 467 τε
449 405 608 486 πόλεμον,
627 401 715 480 ὄπως
733 401 776 467 ἂν
796 403 967 488 βούληται,
977 429 1083 500 1κατα-

74 508 232 572 λύσασθαι
261 508 550 594 συγχωρησάντων
575 507 732 575 ἁπάντων
759 511 931 594 γενήσεται
957 512 1082 597 κύριος.

74 611 123 677 καί
143 607 186 697 ην
208 611 304 700 μέχρι
326 619 455 681 πολλοῦ
478 619 590 700 λόγων
611 637 646 680 τε
669 614 725 681 καὶ
743 615 992 702 ἀντιμαχήσεων
1013 617 1115 682 τῶν3

74 715 120 784 ἐπ’
146 719 301 803 ἀλληλοις
322 719 511 806 γινομένων
532 719 610 786 καθ’
638 719 780 807 ἐκάστην
801 721 928 809 ἡμέραν
951 721 988 788 ἐν
1010 734 1082 800 ταῖς

75 824 253 910 ἐκκλησίαις
277 824 334 892 καὶ
361 829 444 893 κατὰ
477 827 539 911 τὴν
566 827 694 913 ἀγορὰν
721 832 825 906 πολὺς
856 828 961 913 ἀγών·
995 831 1081 919 ἐργφ
1108 849 1122 890 ι

75 933 130 1018 γάρ
158 932 218 1018 οὐχ
245 923 322 999 οἷόν
350 930 379 998 τ’
409 927 453 1016 ἣν
480 932 645 1024 οὐδετέρῳ
672 935 855 1019 βιάσασθαι
883 937 942 1000 τὸν
969 933 1083 1020 ἕτερον

74 1048 125 1123 τῆς
138 1039 290 1123 ἰσοτίμου
309 1039 412 1124 ἀρχῆς
433 1038 566 1117 ἀξιώσει
584 1043 842 1126 κρατυνόμενον.
874 1037 962 1118 ὡςά
981 1037 1118 1110 ούόένιλ

75 1154 123 1228 τῆς
152 1148 360 1230 φιλονεικίας
392 1144 518 1230 ἐγίνετο
550 1143 669 1232 πέρας,
687 1126 832 1234 ’ἡμέραν
862 1149 1032 1234 προειπὼν
1063 1148 1082 1214 ό
1138 1145 1148 1188 ό

80 1253 207 1337 Τύλλος,
231 1251 269 1318 ἐν
291 1245 314 1339 ᾗ
337 1255 396 1320 τὸν
414 1254 573 1338 Μάρκιον
595 1252 768 1320 ἐκέλευσεν
786 1254 880 1337 ἥκειν
897 1255 959 1338 τὴν
976 1254 1083 1340 ἀρχὴν

76 1357 327 1443 ἀποθησόμενον
344 1357 401 1424 καὶ
420 1361 518 1444 δίκην
530 1357 696 1445 ὑφέξοντα
714 1369 771 1444 τῆς
788 1362 981 1446 προδοσίας,
998 1368 1082 1446 θρα·
1096 1383 1123 1423 ιο

76 1467 228 1543 συτάτους
252 1461 280 1530 τ’
308 1466 434 1551 ἄνδρας
460 1467 661 1552 εὐεργεσιῶν
684 1464 814 1532 ἐλπίσιν
838 1465 959 1552 ἐπάρας
984 1465 1083 1552 ἀρχη-

75 1575 145 1654 γοὺς
165 1571 310 1638 ἀνοσίου
338 1574 439 1657 ἔργου
462 1571 638 1656 γενέσθαι,
664 1581 775 1658 παρῆν
797 1573 844 1649 είς
866 1575 928 1657 τὴν
951 1571 1083 1638 ἀποδει-

77 1683 208 1762 χθεῖσαν
241 1676 369 1764 ἀγοράν
406 1675 461 1744 καί
492 1679 673 1764 παρελθὼν
703 1676 756 1744 ἐπὶ
788 1681 825 1745 τὸ
859 1683 948 1765 βῆμα
976 1683 1083 1764 πολλῇ

77 1787 249 1872 κατηγορίᾳ
272 1783 432 1869 ἐχρήσατο
454 1795 516 1851 τοῦ
534 1787 705 1871 Μαρκίου,
727 1782 782 1850 καὶ
805 1787 838 1850 εί
859 1787 904 1870 μη
927 1788 1083 1870 βούλοιτο

10 1901 11 1978 ζ
76 1888 260 1957 ἀποθέσθαι
290 1892 352 1976 την
380 1890 486 1977 ἀρχὴν
516 1889 618 1976 ἑκών,
650 1899 695 1979 τῷ
726 1893 821 1981 όημφ
847 1895 1083 1978 παρεκελεύετο
1098 1913 1123 1954 15

77 1998 184 2063 παύειν
210 1997 315 2063 αὐτὸν
337 1997 447 2084 άπάση
471 1998 621 2084 δυνάμει

30 2116 78 2167 ιιιι
134 2103 276 2169 LVIIII.
313 2101 514 2189 Ἀναβάντος
542 2101 579 2170 δὲ
605 2113 666 2171 τοῦ
689 2103 813 2191 ἀνδρὸς
834 2104 888 2172 ἐπὶ
915 2107 976 2190 τὴν
1002 2104 1083 2171 ἀπο-

78 2213 184 2294 λογίαν
214 2211 278 2294 βοή
305 2231 340 2275 τε
366 2211 474 2294 πολλὴ
504 2211 681 2277 κωλύουσα
709 2215 789 2288 τοὺς
815 2215 936 2295 λόγους
963 2211 999 2277 ἐκ
1025 2220 1083 2295 τῆς

78 2313 213 2403 ἑταιρίας
234 2325 293 2398 τῆς
314 2313 390 2400 περὶ
412 2318 472 2381 τὸν
495 2317 626 2382 Τύλλον
644 2316 784 2400 ἐγίνετο·
807 2315 863 2382 καὶ
883 2318 963 2402 μετὰ
981 2327 1083 2384 ταῦτα
1167 2377 1169 2382 .

11 2499 12 2514 ,
77 2427 152 2489 Παλε
169 2422 229 2490 καὶ
246 2423 357 2488 Βάλλε
374 2432 567 2509 φωνοῦντες
583 2428 808 2506 περιίστανται
827 2424 930 2490 αὐτὸν
948 2425 984 2491 οί
997 2431 1082 2511 θρα-
1096 2446 1121 2485 ιο

78 2531 203 2597 σύτατοι
225 2527 281 2595 καὶ
299 2529 560 2616 συναράττοντες
576 2541 647 2607 τοῖς
664 2534 775 2608 λίθοις
792 2529 1082 2597 ἀποκτιννύουσιν.

11 2639 12 2700 λ
78 2634 269 2723 ἐρριμμένου
301 2631 332 2700 δ’
365 2636 469 2702 αὐτοῦ
497 2635 599 2722 χαμαὶ
628 2640 710 2702 κατὰ
740 2639 801 2722 τὴν
830 2637 957 2725 ἀγορὰν
987 2639 1022 2704 οἵ
1048 2661 1083 2704 τε

11 2733 12 2802 Ῑ
78 2746 332 2830 παραγενόμενοι
349 2751 395 2832 τῷ
414 2743 517 2808 πάθει
534 2740 590 2809 καὶ
612 2744 648 2809 οί
668 2746 748 2828 μετὰ
766 2742 855 2812 ταῦτ’
878 2747 942 2830 ἤδη
961 2756 1083 2832 νεκροῦ

11 2849 13 2922 ι
79 2850 165 2926 ὄντος
183 2849 381 2935 ἀφικόμενοι
399 2852 459 2916 τόν
476 2843 505 2914 τ’
526 2851 635 2935 ἀνδρα
657 2859 715 2935 τῆς
732 2853 831 2936 τύχης
849 2853 1020 2939 ὠδύροντο
1039 2854 1083 2932 ὡς

11 2941 13 2999 3
81 2956 114 3020 οὐ
134 2957 237 3034 καλάς
262 2958 419 3040 είληφότα
441 2957 530 3041 παρὰ
553 2966 650 3042 σφῶν
671 2956 826 3043 ἀμοιβάς,
856 2957 1083 3045 ἐπιλεγόμενοι
1098 2977 1123 3018 2⁵

81 3064 177 3130 πάντα
197 3063 259 3129 ὅσα
277 3065 316 3128 τὸ
333 3065 450 3129 κοινὸν
469 3061 631 3149 ὠφέλησε,
652 3062 804 3142 καὶτοὺς
823 3067 1008 3152 δράσαντας
1026 3069 1084 3131 τὸν

141 3299 156 3345 3
175 3287 470 3364 ἀντιμ<αχ>ύσεωνΒ
488 3289 701 3360 ἀντιμαχήσεων
714 3291 740 3344 R
758 3291 921 3362 ἁψιμαχιῶν
940 3290 1084 3361 Kiessling

81 3374 111 3412 an
127 3362 309 3432 ἀντιλογιῶνλ
389 3366 406 3414 ὃ
425 3360 498 3416 κατὰ
514 3361 566 3430 τὴν
586 3362 689 3434 βουλὴν
709 3380 731 3416 ο.
751 3362 854 3417 Βοίιλῐο
933 3369 965 3416 13
984 3367 1084 3432 προελ-

80 3431 133 3486 θέιν
150 3433 173 3488 Ο
191 3431 345 3500 παρελθὼν
364 3449 387 3487 c.
407 3431 530 3502 Sylburg
583 3438 617 3487 16
635 3433 755 3489 παύσειν
771 3434 793 3488 Ο
812 3433 917 3490 παύειν.
935 3433 1058 3504 Sylburg
1078 3437 1081 3509 λ

79 3501 145 3576 πάση
163 3503 215 3558 ΔΒ
234 3502 331 3575 ἁπάσῃ
349 3502 375 3556 R
446 3508 480 3556 22
499 3503 587 3573 χαμαί
605 3503 670 3558 add.
689 3504 712 3557 Β
