2496 3878
190 197 233 263 '16
615 203 777 252 -Z—

189 364 356 446 ναιότεροι
373 357 429 426 καὶ
448 361 508 427 οάκ
527 360 754 445 ἀγαπήσαντες
772 362 853 428 αὐτὸ
872 364 910 428 τὸ
930 365 998 449 ζῆν,
1015 364 1047 428 εί
1063 365 1109 448 μὴ
1127 364 1206 448 μετδι

191 467 320 532 τούτων
348 465 498 551 ἐμέλλετε
523 477 591 533 τῶν
619 466 758 551 ἀγαθῶν
785 469 986 552 βιώσεσθαι,
1014 469 1072 546 τὰς
1098 471 1206 555 ψυχὰς

191 573 234 640 ἀν
256 576 419 659 πρότερον
441 573 462 657 ἢ
484 571 578 638 ταῦτ’
604 571 806 660 ἀφῃρέθητε,
834 574 869 639 οί
889 569 951 658 μὲν
974 575 1088 659 εὐθύς,
1117 576 1155 641 οί
1175 574 1203 640 δ’

156 680 254 748 ὅούκ
283 682 330 758 είς
360 680 498 765 μακρόν.
550 682 585 744 τί
612 680 675 764 γὰρ
707 678 749 745 ἀν
779 682 816 746 τὸ
846 685 999 745 κωλῦσον
1028 675 1072 764 ἦν
1102 681 1207 758 οὕτως
1236 759 1237 772 ¹

56 835 84 866 ,.
166 788 336 870 εαίσχρῶς
358 783 413 851 καὶ
435 795 542 862 κακῶς
560 787 717 870 Μαρκίου
735 786 833 851 τοῦδε
853 785 1129 872 ἀναρπασθέντος
1148 789 1207 853 ώσ-
1236 785 1237 850 λ

191 913 253 977 περ
277 891 313 957 ἐν
337 890 455 980 ἐρημίᾳ
477 888 559 976 κάμέ
582 893 662 976 μετὰ
684 901 804 958 τοῦτον
834 891 1041 958 ἀπολωλέναι
1068 895 1207 959 διασπα-

192 997 318 1064 σθέντα
347 998 412 1063 ὑπὸ
442 1008 509 1062 τῶν
540 996 690 1083 ἐχθρῶν,
719 995 774 1063 καί
803 998 944 1081 πάντας,
976 999 1049 1065 ὅσοι
1077 997 1205 1066 πώποτ’

193 1105 464 1190 ἠναντιώθησαν,
491 1102 546 1169 καὶ
574 1106 611 1170 τὸ
639 1105 758 1170 λοιπὸν
785 1107 924 1190 ἔμελλον
947 1105 1208 1172 ἐναντιώσεσθαι

193 1221 265 1287 ταῖς
293 1213 496 1295 παρανόμοις
526 1209 719 1295 ἐπιθυμίαις
748 1220 808 1278 τοῦ
841 1213 964 1296 δήμους
1000 1211 1041 1276 οὐ
1070 1213 1138 1297 γδιρ
1168 1212 1208 1276 ἀν
1236 1207 1237 1272 λ

153 1338 179 1378 ιο
193 1313 341 1401 ἠρκέσθη
365 1319 442 1393 τοὺς
464 1317 527 1382 δύο
551 1320 676 1402 μόνους
697 1318 782 1401 ἡμᾶς
805 1316 955 1384 ἐκποδὼν
975 1319 1208 1402 ποιησόμενος,

194 1418 274 1488 οὐδὲ
292 1421 386 1508 μέχρι
406 1419 496 1509 δεῦρ’
520 1422 631 1489 ἐλθών
649 1422 772 1507 ἀπέστη
793 1433 850 1508 τῆς
867 1428 1084 1510 παρανομίας,
1109 1427 1142 1489 εί
1160 1427 1222 1489 δεῖι

194 1532 235 1596 τὰ
262 1527 425 1614 μέλλοντα
451 1533 687 1615 τεκμαίρεσθαι
716 1541 786 1607 τοῖς
817 1534 1010 1615 γεγονόσιν,
1041 1527 1117 1596 ἀλλ’
1151 1528 1205 1616 ἀφ’

193 1636 287 1721 ημῶν
306 1635 488 1722 ἀρξόμενος
505 1636 593 1700 ἅπαν
605 1635 643 1700 τὸ
663 1634 844 1701 ἀντίπαλον
863 1634 976 1721 καὶμὴ
991 1632 1083 1703 εἶκον
1098 1637 1208 1722 ὥσπερ

193 1741 392 1827 χειμάρρους
420 1743 524 1817 πολὺς
552 1739 705 1825 ἐμπεσὼν
733 1740 919 1828 παρέσυρεν
951 1742 994 1808 ἀν
1022 1741 1078 1808 καὶ
1113 1744 1210 1826 κατή-

154 1867 180 1908 15
193 1869 328 1930 νεγκεν,
356 1843 426 1912 οὔτ’
457 1847 625 1930 εὐγενείας
653 1849 851 1932 φειδόμενος
871 1846 946 1914 οὔτ’
981 1847 1097 1932 ἀρετῆς
1129 1846 1206 1914 οὔθ’

193 1953 330 2037 ἡλικίας.

260 2058 313 2124 LI.
355 2059 483 2135 Ταύτας
513 2058 594 2143 ὑμῖν
622 2059 640 2126 ὁ
668 2060 788 2144 δῆμος,
820 2055 846 2124 ὦ
874 2064 995 2146 βουλή,
1022 2061 1080 2138 τάς
1107 2063 1210 2138 καλὰς

193 2165 334 2251 ἀμοιβὰς
356 2163 434 2231 ἀνθ’
458 2159 505 2230 ὧν
524 2168 649 2231 ἔπαθεν
667 2165 849 2250 <ἀγαθῶν>
868 2171 1002 2233 πολλῶν
1026 2169 1136 2233 όντων
1156 2167 1210 2234 καί

194 2274 348 2358 μεγάλων
379 2273 436 2349 τὰς
467 2268 529 2356 μέν
560 2271 731 2337 ἀπέδωκεν
760 2273 841 2358 ἤδη,
873 2274 931 2350 τὰς
958 2271 988 2339 δ’
1020 2273 1209 2340 ἀποδώσειν
1236 2347 1237 2352 1

154 2383 347 2465 εοέμελλεν,
374 2381 405 2444 εί
431 2380 477 2463 μὴ
504 2380 541 2445 τὸ
569 2384 722 2444 κωλῦσον
752 2376 829 2464 παρ’
855 2379 940 2464 ὑμᾶς
963 2378 1102 2463 ἐγένετο.
1133 2383 1210 2464 [ἄγε

87 2527 103 2567 >
195 2489 237 2572 δη
260 2497 325 2553 νῦν
342 2485 483 2575 κάκεῖνα
511 2484 724 2571 ἐνθυμήθητε
747 2485 864 2569 πόλιν,
894 2485 914 2550 ἃ
942 2488 1022 2571 μετά
1048 2497 1149 2552 τοῦτο
1173 2489 1237 2552 τὸ

76 2574 83 2590 ’
194 2604 352 2674 γενναῖον
375 2565 430 2658 καὶ
454 2592 625 2678 σῶφρον*
608 2603 703 2676 υμῶν
722 2594 821 2678 ἔργον
841 2594 1030 2678 ἔδρασεν,“
1015 2616 1070 2658 ινα
1090 2561 1237 2688 γνῶτε,ί

159 2697 310 2764 2οντινα
328 2700 390 2782 χρὴ
409 2700 534 2783 τρόπον
553 2697 641 2761 αὐτῶ
658 2696 915 2783 προσφέρεσθαι.
953 2698 1078 2776 ἐκεῖνος
1090 2703 1237 2765 τοίνυν
1236 2739 1237 2782 η

195 2803 240 2880 ὡς
267 2803 436 2888 ἔμαθεν
419 2813 505 2887 υμᾶς
537 2800 647 2868 οὐκέτι
676 2800 838 2889 φέροντας
869 2805 973 2871 αὐτοῦ
1004 2807 1065 2889 την
1096 2803 1237 2924 ὕβριν,ι

267 3037 281 3084 1
302 3031 354 3085 οδκ
372 3028 450 3084 ἀνι,
469 3027 613 3098 Kiessling
638 3029 642 3094 Ι
667 3027 737 3098 μετὰ
754 3029 789 3084 τὰ
807 3031 912 3086 τούτων
930 3031 953 3085 Β
972 3031 1058 3086 verba
1076 3027 1237 3102 compta

194 3117 256 3156 οεεο
275 3104 305 3157 et
323 3101 364 3156 sic
381 3100 494 3155 restitui
512 3116 595 3170 posse
614 3102 646 3154 ut
664 3099 814 3155 scribatur.
834 3101 947 3156 ἀλλά
918 3123 967 3166 τας
980 3103 1074 3172 ψυχὰς
1087 3101 1124 3157 ἀν
1137 3102 1237 3192 πρό-
1236 3097 1237 3132 λ

194 3193 275 3244 τερον
294 3171 446 3242 προέμενοι
463 3169 481 3240 ἢ
500 3180 597 3240 ταῦτα,
621 3171 805 3244 ἀνῄρησθε”
787 3193 832 3241 αν,
852 3172 881 3227 οἱ
897 3173 949 3243 μέν
967 3191 1024 3242 εηε.
1044 3191 1067 3228 ο.
1083 3165 1237 3230 Sintenis

194 3244 298 3370 EQ?
299 3244 506 3386 1((ἔῖἀιίάίγάἀων
529 3245 691 3371 πάἀλώιάλάἔ
704 3193 1006 3383 ἓίθάεεάἀξθάίοὴέορ
964 3332 1020 3384 gge
1009 3251 1152 3382 Ῑᾶἀεοεδ.
1174 3251 1237 3372 δῖ

194 3402 248 3438 usu
261 3403 356 3455 praep.
371 3403 399 3454 p
410 3392 425 3440 9
443 3381 474 3439 εδ
490 3382 600 3439 ἔπαθεν
615 3385 666 3438 aut
680 3383 790 3441 ἔπαθεν
805 3387 924 3455 ἀγαθῶν
937 3391 1046 3441 πολλῶν
1061 3385 1149 3442 Cobet
1137 3385 1178 3440 t.1
1190 3386 1237 3440 l

194 3461 228 3509 21
248 3455 406 3528 κάκεῖν<ο>
425 3455 472 3509 Bb
495 3458 500 3525 1
522 3455 592 3525 μετὰ
608 3456 714 3510 τουτων
733 3456 756 3509 Β
