2508 3882
493 163 729 252 ·-H-ss

140 369 199 432 τὸν
224 364 447 430 Οὐολούσκων
476 363 636 449 ὑβριστὴν
663 364 817 442 καίηελὼν
845 364 986 449 στρατὸν
1015 358 1162 426 καὶτὸν
1246 379 1247 438 5

140 471 286 555 ἡγεμόνα
313 470 424 535 αὐτῶν
451 467 645 545 ἀποκτείνας
671 469 733 552 την
760 470 894 553 μείζονα
915 469 1052 552 πομπὴν
1077 467 1164 552 ἐψη-

142 580 296 662 φίσαντο·
326 572 382 641 καί
409 576 584 658 εἰσήλασεν
611 576 630 642 ό
658 574 743 660 ἀνὴρ
766 575 858 658 ἀγων
879 575 920 639 τὰ
943 575 1077 660 λύφυρα
1102 573 1163 638 καί

141 686 220 760 τούς
247 665 473 769 αἰχμαλώτους
499 679 554 746 καί
580 683 642 766 την
670 679 987 766 συναγωνισαμένην
1010 682 1163 765 δύναμιν

116 793 262 876 ιᾶρματι
284 788 540 875 παρεμβεβηκὼς
564 790 816 873 χρυσοχαλίνων
843 767 953 851 ἳππων
974 788 1038 871 την
1061 790 1163 870 βασι·
1247 826 1248 896 η

145 897 241 979 λικὴν
277 892 499 982 ἠμφιεσμένος
530 891 672 977 ἐσθῆτα,
711 894 756 970 ὡς
786 891 862 979 περὶ
893 895 971 970 τούς
1003 895 1164 977 μείζονας
1247 907 1248 926 ³

94 1003 332 1086 1οθριύμβους
349 1004 462 1086 νόμος.
497 997 657 1088 Ἀκυλλίῳ
677 995 714 1064 δὲ
732 1002 791 1066 τὸν
810 999 967 1066 ἐλάττονα
985 1002 1231 1084 θρίαμβονεοκο

145 1106 328 1190 ἀπέδοσαν,
356 1106 395 1172 ὃν
423 1103 518 1172 αὐτοί
539 1112 700 1171 καλοῦσιν
723 1105 880 1188 οὐαστήν·
912 1107 1096 1190 δεδήλωται
1120 1105 1165 1171 δέ

145 1237 202 1299 μοι
225 1214 281 1277 ὐιά
303 1223 369 1277 τῶν
391 1208 577 1298 προτέρων,
604 1211 646 1295 ἣν
676 1214 741 1297 ἔχει
764 1213 936 1296 διαφορὰν,
954 1207 1051 1289 οὐτος
1069 1215 1159 1297 πρὸς

106 1347 132 1388 ιο
145 1323 204 1387 τὸν
228 1322 372 1405 μείζονα·
396 1316 451 1383 καί
473 1320 632 1401 εἰσῆίβεν
650 1318 668 1384 ὁ
684 1316 776 1403 ’ἀνὴρ
799 1320 893 1396 πεζὸς
915 1319 956 1382 τὰ
979 1319 1071 1384 λοιπίι
1092 1327 1154 1402 τῆς

145 1436 275 1512 πομπῆς
298 1425 507 1510 ἐπαγόμενος.
552 1422 607 1490 καί
629 1426 666 1490 τὸ
689 1426 760 1501 ἔτος
781 1434 879 1491 τοῦτο
902 1423 1060 1491 ἐτελεύτα.

212 1531 361 1598 LXVIII.
404 1532 449 1596 Οί
469 1528 507 1597 ὐέ
529 1532 618 1616 παρὰ
640 1532 769 1596 τούτων
791 1532 851 1615 τὴν
872 1531 1032 1597 ὑπατείαν
1054 1554 1160 1618 παρα-

146 1643 304 1724 λαβόντες
334 1641 483 1714 Πόπλιος
518 1637 713 1722 Οὐεργίνιος
744 1635 799 1702 καί
831 1639 978 1722 Σπόριος
1010 1639 1157 1716 Κάσσιος

147 1749 258 1832 τρίτον
281 1741 348 1810 τότ’
374 1741 585 1828 ἀποδειχθεὶς
606 1744 748 1827 ὐπατος,
774 1744 832 1819 τοίς
854 1767 888 1810 τε
910 1746 1082 1822 πολιτικὰς
1105 1744 1155 1810 καί

109 1877 134 1918 15
148 1851 205 1927 τύς
232 1850 437 1936 συμμαχικὰς
459 1848 680 1933 ἀναλαβόντες
703 1849 860 1933 ὐυνάμεις
886 1849 1004 1935 ἐξῆγον
1026 1855 1075 1929 εἰς
1099 1855 1160 1938 τὴν

147 1957 333 2043 ὕπαιθρον,
366 1955 561 2040 Οὐεργίνιος
587 1953 648 2040 μὲν
681 1953 734 2021 έπί
762 1957 821 2034 τὰς
847 1959 1004 2023 Αἰκανῶν
1035 1962 1162 2042 πόλεις,
1249 2013 1250 2042 ,

149 2063 295 2140 Κάσσιος
329 2059 359 2128 δ’
398 2060 451 2127 έπί
484 2064 542 2139 τὰς
572 2060 734 2148 Ἑρνίκων
765 2085 799 2128 τε
831 2061 886 2127 καί
922 2064 1163 2149 Οὐολούσκων,
1249 2043 1250 2060 ¹

148 2173 257 2260 κλήρῳ
277 2172 488 2254 διαλαχόντες
505 2171 563 2246 τὰς
581 2167 723 2248 ἔξόόους.
760 2167 902 2236 Αἰκανοὶ
920 2166 981 2254 μέν
999 2164 1063 2237 οὐν
1081 2171 1227 2257 dxv-1571

149 2279 314 2364 ρύσαντες
344 2279 401 2354 τὰς
431 2279 543 2353 πόλεις
573 2273 628 2341 καί
661 2276 700 2340 τὰ
731 2278 887 2341 πλείστου
918 2275 993 2355 ἀξια
1025 2276 1061 2343 ἐκ
1091 2289 1162 2343 τῶν

110 2412 136 2452 εο
149 2384 262 2472 ἀγρῶν
284 2383 588 2469 ἀνασκευασάμενοι
618 2385 679 2467 τήν
702 2405 736 2448 τε
759 2392 822 2466 γῆν
845 2385 1034 2469 περιεώρων
1058 2386 1161 2471 όηου-

149 2489 254 2577 μένην
276 2489 331 2556 καί
353 2492 411 2569 τὰς
433 2489 537 2568 αὐλάς
559 2487 841 2575 ἐμπιμπραμένας,
870 2490 953 2555 ὥστε
975 2493 1057 2556 κατὰ
1079 2498 1161 2558 πολ-

150 2599 212 2682 λην
240 2596 410 2663 εὐπέτειαν
441 2598 460 2664 ό
490 2597 685 2683 Οὐεργίνιος
717 2596 799 2680 ὅσην
828 2595 968 2663 ἐδύνατο
1000 2602 1162 2682 πλείστην

150 2703 259 2767 αὐτῶν
283 2713 346 2786 γῆν
368 2706 479 2790 κείρας
501 2726 534 2768 τε
558 2700 613 2768 καί
636 2703 884 2788 λωβησάμενος,
912 2703 1025 2788 ἐπειδὴ
1048 2703 1163 2781 οὐύεἰς

150 2803 234 2892 ὑπὲρ
267 2808 368 2892 αὐτῆς
403 2807 489 2895 ἐξῄει
526 2811 732 2893 μαχούμενος
763 2809 867 2894 ἀπῆγε
900 2811 961 2894 την
993 2811 1161 2895 στρατιάν.

112 2903 141 3019 Ξ
153 2913 361 2980 Οὐολοῦσκοι
384 2911 421 2978 δέ
439 2912 494 2979 καί
507 2912 670 3000 Ἕρνικες,
693 2909 743 2999 ἐφ’
766 2916 825 2993 οὐς
845 2917 864 2983 ό
882 2916 1028 2993 Κύσσιος
1046 2916 1161 3002 έστρά-

150 3036 260 3104 τευσε,
287 3021 424 3104 γνώμην
451 3017 512 3105 μὲν
539 3019 735 3104 ἐποιήσαντο
766 3021 951 3109 όηουμένης
965 3032 1030 3107 τῆς
1052 3025 1161 3110 χώρας

192 3295 194 3300 ,
225 3257 237 3304 1
259 3247 392 3322 τ<ὸν>Β
473 3247 599 3320 6ὐοπερ
618 3250 682 3313 τούς
701 3249 723 3303 Ο
743 3249 779 3311 ὡς
797 3250 862 3320 περὶ
880 3251 944 3311 τοὺς
962 3248 1064 3304 Reiske
1145 3257 1161 3306 8

153 3322 273 3390 εὐύοτην
291 3319 317 3374 Α
335 3320 394 3375 ὠὰν
411 3319 438 3372 R
456 3319 577 3390 οὐαστὴν
597 3321 778 3376 Casaubonus
797 3320 832 3374 ef.
850 3321 872 3373 V
887 3326 960 3388 47,2
984 3325 988 3389 Ι
1012 3321 1044 3377 δὲ
1064 3339 1118 3377 om.
1137 3322 1161 3375 B

153 3392 366 3464 ὐπρότερονΒ
456 3398 489 3447 13
508 3391 644 3464 Πόπλιος]
663 3391 790 3464 Πρόκλος
812 3408 835 3445 ο.
856 3390 986 3460 Sigonius
1078 3400 1112 3448 14
1130 3395 1161 3449 τὸ

152 3465 245 3533 τρίτον
264 3480 287 3518 ο.
306 3463 410 3518 Reiske
481 3468 516 3517 24
534 3465 691 3534 μαχόμενος
709 3464 731 3518 O
750 3466 863 3532 praeter
879 3463 903 3516 B
