2508 3882
582 207 749 256 -H-

157 364 434 450 προσληφθέντας
452 366 500 442 είς
517 366 578 449 τήν
592 368 762 432 πολιτείαν
772 362 929 452 Ἕρνικας
942 366 1047 432 οίκεῖα
1066 360 1177 450 ἑαυτῷ

100 489 103 494 ’
158 472 410 558 παρασκευάσας
432 473 471 536 τά
495 473 589 556 ἔθνη.

226 578 322 644 LXX.
369 581 478 644 Ταῦτα
510 576 703 663 διανοηθεὶς
729 587 768 664 τῇ
800 580 881 664 μετὰ
912 580 970 644 τὸν
1002 580 1177 661 θρίαμβον
1249 603 1250 662 ι

159 684 265 773 ήμέρμ
288 684 484 751 συνεκάλεσε
507 687 544 751 τὸ
567 690 697 769 πλῆθος
725 687 772 763 είς
794 683 982 769 ἔκκλησίαν·
1010 681 1066 749 καί
1089 705 1178 767 παρ-

65 857 69 868 ,
133 793 273 858 ιελθδιν
301 790 354 858 ἔπλ
381 793 418 858 τὸ
446 795 551 876 βήμα,
579 792 623 869 ὡς
645 793 725 868 ἔθος
746 788 816 857 ἐστὶ
837 801 946 857 ποιεῖν
967 801 1037 867 τοῖς
1060 796 1178 874 τεθρι-

160 902 353 984 αμβευκόσι,
380 893 597 983 πρῶτονμὲν
625 896 773 963 ἀπέδωκε
796 898 856 963 τὸν
885 891 968 981 ὑπὲρ
996 907 1063 962 τῶν
1090 916 1177 981 πρα-

123 1004 310 1091 2χθέντοιν
333 1004 421 1092 αὐτῷ
445 1007 559 1088 λόγον,
586 999 628 1069 οὗ
650 1003 812 1088 κεφάλαια
833 998 877 1088 ήν
899 1013 1013 1069 ταῦτα·
1042 1003 1093 1068 ὅτι
1116 1011 1177 1086 τῆς

72 1139 78 1150 ·
160 1108 221 1196 μὲν
244 1112 374 1195 πρώτης
400 1110 555 1187 ὑπατείας
582 1112 692 1194 τυχὼν
713 1111 750 1175 τὸ
774 1113 933 1193 Σαβίνων
956 1112 1058 1187 ἔθνος
1080 1108 1238 1175 dem-1⁶⁷1

159 1218 362 1300 ποιούμενον
380 1225 437 1300 τῆς
454 1216 631 1301 ἡγεμονίας
648 1215 735 1302 μάχη
754 1217 891 1298 νικήσας
902 1215 1053 1300 ὑπήκοον
1067 1217 1170 1299 ήνάγ-

119 1342 146 1383 ιο
158 1309 237 1387 ’κασε
256 1319 426 1407 Ῥωμαίοις
448 1320 619 1406 γενέσθαι·
647 1320 859 1408 ἀποδειχθεὶς
886 1319 923 1387 δέ
951 1325 988 1389 τὸ
1013 1323 1166 1406 δεύτερον

158 1429 281 1506 ὕπατος
307 1430 368 1514 τήν
396 1428 558 1515 ἐμφύλιον
586 1430 706 1494 ἔπαυσε
733 1439 791 1513 τής
819 1431 946 1506 πόλεως
975 1427 1089 1494 στάσιν
1110 1425 1169 1493 καὶ
1251 1497 1252 1502 ,

158 1538 320 1620 κατήγαγε
351 1539 411 1602 τὸν
445 1537 551 1621 δῆμον
581 1537 629 1612 είς
657 1537 719 1620 τήν
745 1536 903 1621 πατρίδα,
934 1538 1101 1612 Λατίνους
1132 1531 1169 1600 δέ

159 1654 329 1727 συγγενεῖς
350 1638 411 1727 μὲν
435 1644 532 1718 ὄντας
554 1639 796 1726 τῆςῬοιμαίοιν
817 1644 955 1726 πόλεως,
979 1639 1031 1707 άεὶ
1054 1638 1093 1706 δέ
1114 1651 1167 1724 τῆς

158 1748 335 1832 ἡγεμονίας
356 1746 412 1812 καί
434 1756 491 1831 τῆς
514 1747 612 1832 δόξης
634 1747 717 1833 αὐτή
745 1755 975 1833 φθονοῦντας,
1000 1750 1049 1826 είς
1074 1751 1165 1834 φιλύ·

119 1873 144 1913 15
158 1877 238 1938 τητα
261 1857 428 1938 συνήγαγε
446 1863 503 1937 τῆς
523 1855 741 1932 ἰσοπολιτείας
755 1857 939 1939 μεταδούς,
954 1855 1036 1921 ὥστε
1055 1853 1170 1941 μηκέτι

123 1964 143 2029 3
159 1959 352 2043 ἀντίπαλον,
374 1959 457 2025 άλλδι
477 1962 619 2046 πατρίδα
637 1962 699 2045 τήν
712 1959 840 2045 Ῥώμην
857 1964 1012 2046 νομίζειν.
1057 1965 1172 2044 τρίτον

158 2063 196 2132 δὲ
227 2067 388 2143 καταστὰς
419 2064 473 2132 ἐπὶ
504 2068 565 2151 τήν
597 2067 714 2150 αὐτήν.
733 2066 839 2152 ἀρχὴν
874 2068 1110 2146 Οὐολούσκους
1140 2064 1169 2133 τ’

159 2165 326 2258 ήνάγκασε
348 2178 467 2258 φίλους
485 2171 560 2240 ἀντὶ
576 2176 744 2257 πολεμίων
762 2173 920 2258 γενέσθαι
937 2173 992 2240 καὶ
1009 2176 1046 2240 τὸ
1061 2172 1173 2260 Ἑρνί-

157 2305 226 2346 κοιν
254 2283 355 2358 ἔθνος
380 2279 464 2365 μέγα
492 2302 527 2345 τε
554 2277 609 2344 καὶ
642 2281 781 2364 άλκιμον
813 2277 869 2345 καί
900 2283 1041 2365 πλησίον
1072 2291 1173 2366 σφῶν

117 2406 144 2446 2⁰
157 2391 311 2472 κείμενον
334 2387 490 2471 βλάπτειν
517 2409 551 2451 τε
579 2383 634 2451 καὶ
664 2385 806 2470 ὠφελεῖν
827 2387 868 2452 τὰ
890 2384 1026 2470 μέγιστα
1050 2386 1173 2452 ίκαντι-

123 2499 258 2560 4τατον
282 2491 435 2559 έκούσιον
457 2492 654 2577 ὑπηγάγετο.
699 2492 801 2558 ταῦτά
818 2515 853 2557 τε
873 2489 989 2577 δήκαὶ
1011 2493 1051 2557 τδ
1070 2491 1173 2576 ὅμοια

157 2601 287 2678 τούτοις
313 2598 494 2678 διεξελθὼν
521 2598 617 2682 ήξίου
643 2600 703 2663 τὸν
730 2599 837 2681 δῆμον
865 2595 970 2686 ἑαυτῷ
993 2597 1175 2684 προσέχειν

157 2708 216 2771 τὸν
252 2715 354 2789 νοῦν,
390 2707 434 2783 ὡς
470 2707 558 2791 παρὰ
589 2705 714 2782 πάντας
745 2707 823 2782 τοὺς
853 2705 974 2782 άλλους
1004 2707 1173 2789 πρόνοιαν

158 2813 265 2895 ἔχοντι
293 2820 353 2876 τοῦ
379 2821 496 2877 κοινοῦ
522 2808 577 2876 καὶ
604 2813 650 2887 είς
677 2813 735 2898 τὸν
759 2813 877 2888 λοιπὸν
900 2810 1007 2890 ἕξοντι
1035 2815 1173 2898 χρόνον.

229 2973 245 3020 2
269 2968 365 3047 *post
387 2965 460 3036 ἔθνη
480 2983 497 3020 a
522 2965 671 3036 Sylburgio
695 2966 866 3047 βουλόμενος
885 2967 1068 3036 desideratur,
1092 2969 1172 3036 quod

158 3035 232 3110 Cmg
251 3037 344 3104 κάδεα
363 3038 399 3092 ab
419 3037 510 3093 οίκεῐα
523 3054 591 3093 voce
606 3036 737 3092 Reiskms
756 3055 860 3093 novum
874 3042 959 3109 eaput
977 3053 1091 3094 exorsus
1111 3043 1171 3108 θεὴ

145 3107 428 3181 ’συμπεριλαμβάνων
455 3127 478 3163 ο.
505 3107 628 3164 sintenis
651 3108 712 3163 Em,
731 3107 812 3165 Dion.
831 3110 871 3164 HI
892 3117 936 3176 133
958 3105 1092 3191 Ἕρνικας
1120 3111 1172 3166 καλ

158 3180 245 3244 ούτως
263 3178 355 3236 οίκεῑα
374 3198 396 3235 ο.
411 3180 500 3237 Cobet
514 3180 580 3237 Obs.
594 3199 622 3250 p.
639 3186 703 3247 1693
727 3196 780 3250 ego
802 3182 831 3235 et
853 3183 940 3251 caput
957 3184 1105 3250 ant1quum
1125 3199 1171 3237 re-

158 3252 242 3309 stitui
257 3254 286 3307 et
298 3259 349 3308 ιλ
363 3270 415 3323 pro
428 3251 650 3324 παρασκευάσαι,
683 3250 740 3306 uod
755 3249 777 3306 0
791 3252 937 3321 praebent,
950 3251 1171 3322 παρασκευάσας

100 3353 101 3356 =
157 3325 188 3379 in
205 3325 292 3379 verba
310 3324 404 3394 rec'epi
508 3332 630 3379 3ταῦτα
649 3269 684 3392 δή
704 3322 869 3392 διανοηθεὶς
887 3322 976 3378 Cobet
994 3322 1012 3379 l.
1028 3324 1046 3378 l.
1154 3330 1170 3378 6

158 3393 323 3450 ἀποδέδωκε
344 3397 365 3450 Ο
385 3394 514 3451 ἀπέδωκε
533 3394 656 3450 Sintenis
670 3394 730 3448 Em.
744 3391 826 3448 Dion.
841 3394 881 3448 III
895 3400 927 3447 11
984 3399 1015 3448 13
1035 3394 1087 3465 μὲν
1102 3395 1169 3450 add.

157 3464 180 3517 B
254 3472 286 3521 16
306 3467 337 3520 τὸ
356 3471 449 3536 τρίτον
468 3484 490 3524 c.
511 3467 599 3521 Cobet
618 3466 682 3521 Obs.
701 3483 727 3534 p.
744 3470 795 3518 169
