2484 3876
532 210 699 261 -Η-
1060 209 1124 276 185

109 364 162 433 καὶ
180 367 304 450 λεπτὴν
327 365 444 433 έλπίδα
462 370 739 454 καταπεφεύγατε,
762 365 789 434 ὦ
810 370 987 458 Οὐαλερία,
1008 372 1069 456 τὴν
1093 370 1126 451 ἐξ

109 473 202 557 ἡμῶν
224 484 292 538 τῶν
316 473 448 540 ἀθλίαν
470 485 640 558 γυναικῶν
662 479 841 563 βοήθειαν,
869 469 922 556 αἷς
943 479 964 563 ἡ
988 474 1050 562 μὲν
1073 479 1127 544 εὐ-

0 605 1 674 ]
110 603 185 646 νοια
212 579 234 663 ἡ
261 582 345 665 πρὸς
371 580 432 664 την
461 583 604 669 πατρίδα
626 582 764 669 πάρεστι
786 581 841 650 καί
863 586 902 650 τὸ
923 582 1041 650 θέλειν
1065 586 1127 651 σώ-

1 751 2 756 ,
113 689 225 765 ζεσθαι
247 689 326 764 τοὺς
348 691 495 774 πολίτας,
524 679 594 754 οἷοί
616 687 699 755 ποτέ
719 691 822 775 είσιν,
848 691 869 775 ἡ
898 687 929 756 δ’
956 692 1049 776 ίσχὺς
1071 688 1128 756 καὶ

1 869 3 883 μ
112 795 146 860 τὸ
170 793 341 859 δύνασθαι
363 804 473 860 ποιεῖν
496 794 517 860 δ
544 793 689 881 θέλομεν
712 797 860 863 ἄπεστιν.
905 781 1167 894 ἀπέστραπταιῖὂ

112 900 174 986 γὰρ
201 899 302 984 ἡμᾶς,
330 894 356 964 ὦ
382 900 562 986 Οὐαλερία,
589 902 758 988 Μάρκιος,
786 901 819 981 ἐξ
848 897 890 970 οὐ
916 904 978 988 την
1005 904 1128 989 πικρὰν

113 1005 243 1092 ἐκείνην
267 1006 286 1075 ὁ
310 1007 413 1091 δῆμος
443 1007 547 1074 αὐτοῦ
573 1006 720 1092 κατέγνω
749 1010 862 1094 δίκην,
889 1008 945 1076 καὶ
971 1012 1129 1096 μεμίσηκε

1 1181 2 1188 χ
111 1113 171 1197 την
202 1114 314 1179 οίκίαν
344 1112 426 1198 ὅλην
452 1114 519 1198 ἅμα
548 1121 587 1199 τη
616 1116 765 1202 πατρίδι·
796 1125 893 1182 τοῦτο
924 1113 953 1181 δ’
980 1117 1061 1202 ὑμῖν
1088 1116 1129 1184 οὐ

1 1207 2 1214 ¹
111 1216 187 1305 παρ’
212 1220 317 1286 ἄλλον
335 1222 438 1303 τινός,
458 1218 542 1285 ἀλλὰ
560 1217 637 1306 παρ’
661 1221 765 1288 αὐτοῦ
782 1224 941 1308 Μαρκίου
960 1230 1130 1308 μαθοῦσαι

113 1324 224 1410 λέγειν
252 1327 379 1411 ἔχομεν.
430 1324 483 1391 ὅτε
517 1326 581 1413 γὰρ
608 1324 710 1403 ἁλοὺς
736 1328 797 1412 την
824 1328 922 1413 δίκην
948 1324 1055 1413 ἦλθεν
1082 1332 1130 1408 είς
1142 1351 1170 1392 ιο

1 1459 3 1520 χ
113 1432 173 1516 τὴν
188 1433 299 1497 οίκίαν
312 1435 585 1517 προπεμπόμενος
602 1433 668 1499 ὑπὸ
684 1443 751 1499 τῶν
765 1430 918 1520 ἑταίρων,
934 1436 1130 1521 καταλαβὼν

1 1529 3 1606 ί
112 1539 199 1624 ἡμᾶς
221 1537 413 1624 καθημένας
436 1537 474 1605 έν
495 1543 672 1625 πενθίμοις
694 1539 839 1626 τρύχεσι,
863 1543 1030 1626 ταπεινούς,
1052 1566 1130 1629 κρα-

1 1619 3 1682 7
54 1647 236 1723 ιεοοτούσας
263 1644 301 1710 ἐν
328 1655 398 1722 τοῖς
424 1648 543 1727 γόνασι
570 1647 610 1712 τὰ
638 1644 736 1712 τέκνα
763 1647 866 1714 αὐτοῦ
894 1650 1073 1726 στενούσας
1095 1672 1130 1714 τε

113 1744 168 1819 οἷα
202 1753 291 1828 είκὸς
321 1748 377 1816 καὶ
408 1750 670 1838 ἀνακλαιομένας
705 1754 767 1838 τὴν
803 1753 1011 1834 καθέξουσαν
1046 1755 1131 1841 ἡμᾶς

112 1861 219 1946 τύχην
244 1855 442 1945 στερομένας
465 1856 605 1942 ἐκείνου,
635 1859 714 1936 στὰς
736 1862 856 1947 μικρὸν
879 1861 1016 1928 ἄπωθεν
1037 1862 1131 1948 ἡμῶν
1145 1881 1172 1922 15

112 1968 263 2052 ἄδακρυς
282 1965 391 2051 ὥσπερ
411 1968 508 2041 λίθος
525 1962 581 2029 καὶ
599 1963 729 2048 ἀτενής·
754 1970 899 2052 Οίχεται,
916 1969 1033 2053 φησίν,
1050 1968 1131 2054 ύμίυ
1146 1973 1166 2035 3

112 2072 286 2160 Μιίριιιος,
314 2065 340 2136 ὦ
364 2078 464 2156 μῆτερ
488 2071 555 2155 ἅμα
577 2068 633 2135 καί
661 2071 719 2156 σύ,
747 2067 774 2136 ὦ
799 2071 1025 2158 Οὐολουμνία,
1053 2099 1132 2161 κρα-

111 2183 207 2263 τίστη
229 2189 410 2261 γυναικῶν,
433 2174 622 2256 ἐξελασθεὶς
639 2175 706 2244 ὑπὸ
724 2188 792 2243 τῶν
809 2182 966 2263 πολιτῶν,
989 2179 1040 2244 ὅτι
1058 2203 1132 2263 γεν-

112 2295 209 2362 ναῖος
237 2279 279 2367 ἦν
306 2281 363 2349 καὶ
389 2286 565 2368 φιλόπολις
590 2281 647 2348 καὶ
672 2285 817 2361 πολλοὺς
844 2282 1021 2368 ὑπέμεινεν
1048 2281 1131 2371 ὑπὲρ

112 2401 172 2476 τῆς
201 2391 362 2476 πατρίδος
388 2388 527 2472 ἀγῶνας.
573 2384 646 2454 ἀλλ’
673 2389 717 2467 ὡς
738 2388 855 2476 πρέπει
877 2389 1030 2474 γυναιξίν
1053 2390 1133 2476 ὐγα-
1146 2421 1173 2461 ιο

112 2503 206 2582 θαῑς,
233 2495 320 2562 οὕτω
344 2493 459 2582 φέρετε
482 2497 540 2572 τας
563 2496 737 2581 συμφορὰς
759 2492 864 2581 μηδὲν
887 2498 1037 2582 δίσχημον
1060 2520 1134 2566 ποι-

84 2626 89 2638 ·
114 2611 216 2669 οῦσαι
245 2598 328 2685 μηδὲ
355 2599 506 2686 ἀγεννές,
533 2598 650 2667 καὶτὰ
672 2603 770 2667 παιδί
755 2605 789 2667 ία
811 2611 913 2668 ταῦτα
935 2607 1133 2691 παραμύθια

113 2733 174 2794 της
197 2707 279 2793 έμης
306 2705 441 2793 ἐρημίας
466 2709 601 2792 ἔχουσαι
623 2705 758 2793 τρέφετε
782 2706 920 2786 ἀξίας
902 2719 998 2794 υμῶν
1021 2735 1055 2778 τε
1078 2711 1134 2779 καὶ

114 2825 178 2882 τοῦ
201 2811 334 2898 γένους
363 2804 413 2890 οἷς
437 2811 514 2879 θεοὶ
537 2813 628 2879 δοῖεν
652 2815 698 2890 είς
720 2814 845 2898 ἄνδρας
868 2813 1009 2883 ἐλθοῦσι
1031 2820 1134 2906 τύχην

52 2919 178 3008 ιεοιμδν
200 2923 373 3005 κρείττονα
395 2927 456 2985 τοῦ
478 2923 612 3005 πατρός,
634 2918 755 3007 ύρετην
778 2918 815 2986 δὲ
838 2923 883 3007 μη
907 2927 1054 3008 χείρονα·
1079 2924 1135 2991 καὶ
1148 2949 1174 2991 2⁵

114 3033 257 3115 χαίρετε.
307 3024 491 3113 ἀπέρχομαι
522 3027 585 3112 γὰρ
612 3028 677 3111 ἤδη
710 3029 899 3095 καταλιπὼν
931 3031 992 3115 την
1025 3030 1135 3098 οὐκέτι

190 3255 278 3324 8τὴν
297 3254 365 3309 δύτο
366 3273 436 3322 ηνον
460 3250 553 3307 οίιιίαν
571 3253 597 3307 Α
705 3258 886 3344 θμαθοῦσαι
908 3253 983 3325 λε’γι
958 3276 1000 3311 ειν
1023 3257 1087 3311 add.
1111 3257 1135 3310 B

115 3332 150 3381 10
170 3334 205 3396 τη
224 3328 290 3395 δίκη
309 3325 429 3379 ABb
429 3324 485 3396 ὴνίί
506 3322 665 3396 διιιηίίίΒιι
755 3320 951 3400 11ἕτο<αι>ρ
939 3277 1010 3381 Α’,νδ
1101 3334 1134 3382 12

114 3395 271 3468 ιιοιαθημέν
252 3418 286 3460 ας
305 3396 413 3451 add.B
492 3401 526 3450 14
544 3393 724 3450 ἀνακαλον’
689 3415 776 3466 μενας
795 3397 818 3452 Ο
838 3415 907 3454 corr.
926 3397 1028 3450 Portus
1101 3405 1135 3453 15

116 3468 233 3524 ἄποθεν
251 3469 299 3522 Bb
374 3472 408 3521 18
427 3460 651 3531 *έξελαοθελςΟ
724 3473 759 3522 23
773 3466 852 3537 ημῶν
872 3468 893 3521 Ο
913 3483 982 3522 corr.
1002 3467 1135 3522 Gelenius
