2496 3878
157 189 202 252 το
581 191 742 240 -z-

157 357 241 434 χρῆν
269 347 378 433 λέγειν
405 371 440 414 τε
463 348 518 414 καί
540 350 696 434 πράττειν
718 346 774 414 καὶ
796 351 877 433 μετὰ
899 359 966 414 τῶν
989 351 1179 435 συναρχόν-

157 479 225 520 των
251 457 532 540 βουλευσόμενος,
559 455 671 540 ἐπειδη
698 454 873 532 κάκείνους
900 457 995 541 ἔσχεν
1022 455 1180 539 ὁμογνώ-

158 586 272 646 μονας,
294 561 414 646 ἀνέστη
437 561 491 628 καί
515 563 614 647 μικρὰ
637 560 713 647 περὶ
735 570 793 645 τῆς
814 563 1015 647 κατεχούσης
1035 564 1096 627 τὸν
1116 563 1182 645 δῆ-

157 692 222 752 μον
244 667 379 754 ἀτυχίας
401 667 653 752 ἀποδυράμενος
674 669 753 744 τούς
773 664 810 733 δ’
830 666 978 745 ὑπάτους
1001 665 1182 754 ἐπῄνεσεν,

130 773 209 838 εὸτι
231 777 332 857 λόγον
355 773 500 858 ἠξίωσαν
522 774 681 859 ὑποσχεῖν
703 785 773 850 τοῖς
796 775 953 858 δημόταις
975 773 1036 859 οὐχ
1059 773 1183 855 ὑπερι-

158 882 272 958 δόντες
303 880 413 947 αύτῶν
445 890 502 965 τῆς
532 883 779 963 ταπεινότητος,
810 878 865 945 καί
892 891 962 956 τοίς
988 883 1183 964 πατρικίοις

157 986 281 1052 εἰδέναι
303 988 401 1074 χάριν
424 989 564 1071 ἔφησεν,
586 993 620 1050 εἰ
638 1009 688 1064 τις
699 985 823 1062 αὐτοῖς
844 986 908 1070 ἤδη
932 980 1012 1051 ποτὲ
1033 983 1184 1070 φροντὶς

157 1093 336 1179 εἰσέρχεται
359 1102 417 1177 της
440 1096 602 1176 σωτηρίας
624 1101 691 1156 τῶν
713 1093 877 1173 πενήτων·
901 1088 956 1156 καί
979 1092 1025 1155 ἔτι
1043 1096 1182 1174 μᾶλλον

157 1202 220 1282 ἔφη
238 1199 319 1282 μετά
337 1198 471 1262 πάντων
490 1196 759 1282 ἐκμαρτυρήσειν,
782 1195 842 1261 ἐὰν
861 1195 959 1280 ὅμοια
977 1197 1183 1282 παράσχων-

117 1328 144 1368 ιο
157 1328 210 1369 ται
233 1313 301 1381 τοῖς
324 1308 436 1388 λόγοις
458 1304 497 1368 τά
520 1307 608 1388 ἔργα.

222 1409 390 1475 ΧΧΧΙΠΙ.
423 1411 539 1476 Εἰπὼν
568 1405 605 1474 δὲ
632 1419 733 1475 ταῦτα
761 1407 816 1475 καί
840 1409 938 1488 δόξας
961 1409 1093 1495 μέτριος
1117 1410 1183 1495 ὀρ-

155 1517 219 1600 γὴν
242 1512 327 1582 εἶναι
351 1515 407 1582 καί
429 1516 659 1591 διαλλακτικὸς
681 1512 868 1600 ἐπιστρέφει
891 1517 975 1600 πρὸς
996 1517 1054 1580 τὸν
1072 1515 1184 1600 Μάρ-

155 1646 229 1688 κιον
256 1625 482 1707 παρεστηκότα
509 1633 578 1698 τοῖς
603 1621 742 1697 ὑπάτοις
768 1618 823 1686 καί
851 1619 952 1703 λέγει·
986 1624 1038 1686 Σὺ
1062 1618 1117 1705 δέ,
1144 1625 1187 1686 τί

156 1728 217 1794 οὐκ
249 1726 396 1812 ἀπολογῇ
424 1729 507 1812 πρὸς
533 1730 610 1803 τοὺς
637 1736 761 1792 σαυτοῦ
788 1730 939 1810 πολίτας,
972 1722 997 1790 ὦ
1025 1740 1183 1812 γενναῖε,

116 1855 141 1895 ιι
155 1831 231 1918 περὶ
259 1827 306 1898 ὧν
334 1827 427 1909 εἶπας
454 1831 491 1897 ἰν
515 1841 554 1917 τῇ
578 1836 697 1918 βουλῇ;
730 1838 857 1915 μᾶλλον
882 1829 919 1897 δὲ
942 1837 977 1898 τί
997 1833 1057 1899 οὐκ
1080 1831 1183 1899 ἀντι-
1236 1853 1237 1860 “

155 1945 266 2025 βολείς
287 1936 342 2004 καί
365 1947 505 2023 παραιτῇ
529 1939 586 2014 τάς
609 1937 710 2022 όργάς
729 1938 851 2022 αὐτῶν,
874 1939 929 2004 ἵνα
948 1936 1236 2024 μετριωτέρανιεε

156 2047 300 2112 ἐπιθῶσί
320 2061 374 2109 σοι
398 2047 528 2129 ζημίαν;
552 2043 729 2130 ἀρνεῖσθαι
751 2042 814 2129 μὲν
836 2045 899 2129 γὰρ
923 2045 985 2110 οὐκ
1006 2029 1049 2108 ἀν
1071 2043 1182 2122 ἀξιώ-

156 2157 251 2237 σαιμί
271 2169 307 2217 σε
330 2153 498 2218 τοσούτων
521 2150 654 2236 ἀνδρῶν
677 2152 816 2216 εἰδότων
835 2148 908 2215 οὐδ’
926 2153 972 2228 εἰς
989 2149 1183 2235 ἀναισχύν-

154 2284 231 2337 τους
258 2259 477 2344 καταφεύγειν
504 2257 698 2340 ἀπολογίας,
725 2257 882 2339 Μάρκιον
905 2259 986 2322 όντα
1008 2254 1062 2322 καὶ
1085 2261 1182 2341 φρό-

114 2387 141 2426 εο
154 2391 242 2450 νημα
269 2369 381 2451 μεῖζον
407 2365 429 2448 ἢ
455 2362 525 2430 κατ’
553 2365 689 2446 ἰδιώτην
717 2365 847 2449 ἔχοντα·
879 2364 910 2428 εἰ
936 2364 979 2446 μη
1007 2365 1071 2447 ἀρα
1099 2376 1183 2442 τοῖς

154 2469 258 2557 <μὲν>
282 2471 420 2548 ύπάτοις
446 2470 500 2537 καί
523 2482 591 2548 τοῖς
613 2472 796 2555 πατρικίοις
818 2473 925 2545 καλῶς
947 2472 1013 2554 ἔχει
1034 2474 1183 2536 πείθειν

130 2591 131 2594 ’
153 2574 237 2661 ὑπὲρ
261 2589 323 2644 σοῦ
346 2581 405 2644 τὸν
429 2579 547 2662 δῆμον,
570 2575 624 2642 σοί
643 2574 673 2641 δ’
698 2577 759 2642 οὐκ
777 2576 842 2660 ἀρα
860 2581 967 2652 καλῶς
985 2575 1048 2654 ἔξει
1066 2575 1183 2644 ταύτὸ
1235 2599 1236 2602 ’

119 2689 251 2752 2τοῦτο
279 2680 354 2767 περὶ
381 2693 522 2748 σεαυτοῦ
545 2684 733 2765 ποιησαντις
785 2685 894 2747 Ταῦτα
918 2680 947 2746 δ’
970 2685 1081 2764 ἔλεγεν
1106 2684 1184 2750 οὐκ

227 2950 240 2997 1
255 2950 325 3012 χρῆν
338 2943 362 2996 Β
380 2941 432 3012 χρὴ
442 2941 468 2994 R
483 2946 487 3007 Ι
503 2940 646 3011 ἀρχόντων
660 2941 686 2994 Α
699 2941 894 3011 συναρχόντων
907 2943 931 2996 Β
980 2949 997 2998 4
1012 2943 1184 3013 ἀποτυχίας

152 3013 202 3068 Ac
275 3019 290 3067 6
316 3013 554 3084 ταπειν<ό>τητος
571 3013 618 3065 Bb
692 3019 724 3066 11
744 3013 936 3085 μέτρκο>ςΒ
1020 3022 1052 3068 13
1077 3016 1183 3082 παρέ-

153 3103 232 3153 στητε
260 3086 283 3136 Α
379 3091 411 3137 14
437 3093 540 3138 σαυτοῦ
568 3084 615 3137 Βιι
642 3078 743 3139 ἑαυτοῦ
769 3085 817 3138 Bb
846 3087 932 3140 αὐτοῦ
953 3086 977 3138 Α
1074 3093 1112 3140 20
1146 3088 1185 3143 εἰ

152 3156 189 3228 μὴ
209 3155 265 3248 ἀρα
284 3157 313 3210 et
330 3174 355 3210 v.
371 3161 404 3208 22
424 3155 468 3209 σοί
490 3153 522 3209 δὲ
546 3156 597 3209 ούκ
616 3154 713 3225 ἀραΟ
738 3154 833 3226 εἰμὲν
852 3156 908 3225 ἀρα
927 3158 956 3210 et
974 3161 1048 3210 κ.22
1068 3157 1115 3210 σοί
1135 3159 1180 3214 δὲ

152 3230 204 3283 οὐκ
223 3248 279 3295 αρα
298 3258 331 3268 -
349 3225 512 3292 ποιήσαντη
535 3243 558 3282 ο.
578 3226 690 3280 Κδεῐλίο
709 3227 872 3297 Philologus
892 3234 927 3281 34
945 3230 1036 3296 (1874)
1058 3233 1111 3281 756
1133 3229 1179 3285 of.

153 3298 274 3351 Schenkl
296 3297 428 3350 Bursiani
450 3296 513 3352 libr.
533 3314 596 3352 ann.
617 3299 691 3352 brev.
711 3317 738 3366 p.
760 3306 793 3352 53
865 3304 898 3350 21
919 3297 971 3365 μὲν
990 3297 1053 3352 add.
1073 3299 1181 3354 Cobet

153 3368 218 3422 obs.
237 3387 263 3435 p.
284 3375 334 3421 141
391 3372 423 3420 22
450 3367 493 3422 σοί
516 3366 543 3420 δ’
565 3367 611 3439 ἀρ’
632 3370 664 3422 ού
689 3368 821 3437 Sylburg‚
841 3367 896 3437 ἀρα
920 3367 973 3422 del.
992 3367 1144 3439 Kiessling
1172 3373 1177 3444 J

151 3439 183 3492 τὸ
202 3438 270 3491 αὐτὸ
291 3437 313 3491 Ο
378 3445 411 3492 23
431 3437 507 3509 περὶ]
526 3439 596 3509 ὑπὲρ
616 3456 638 3494 ο.
658 3438 747 3493 Cobet
765 3439 830 3494 Obs.
849 3457 875 3507 p.
893 3445 941 3492 141
