2496 3878
111 243 153 308 10
364 315 372 326 ,
537 247 698 294 -z-

109 405 211 490 λέμου
234 405 336 491 βάρος
358 406 504 482 ὑποστάς
526 403 581 471 καὶ
605 408 664 471 τὸν
687 404 833 488 ἡγεμόνα
853 413 920 469 τῶν
944 408 1124 489 Τυρρηνῶν
1241 414 1242 440 ³

109 513 297 599 αὐτοχειρίᾳ
324 515 453 589 κτείνας
480 510 590 596 τρέπει
617 514 696 588 τοὺς
721 513 843 587 ἄλλους
867 514 915 586 είς
936 511 1049 595 φυγὴν
1071 508 1124 575 καὶ

75 621 206 702 3νίκηυ
231 617 414 704 ἀναιρεῖται
437 629 553 683 πασῶν
576 618 817 703 λαμπροτάτην.
864 614 1124 702 διαπραξάμενος

109 721 147 791 δέ
178 735 281 791 ταῦτα
312 724 368 791 καὶ
399 723 552 809 τιμηθεὶς
582 725 647 790 ὑπὸ
680 723 746 789 τῶν
775 721 958 808 Ἀρικηνῶν
990 728 1125 800 πολλαῖς

83 832 250 916 εδωρεαῖς
276 830 413 897 ἀπέπλει
441 833 496 896 διδ
523 829 649 918 ταχέων
677 831 776 908 αὐτὸς
804 831 944 913 άγγελος
966 841 1035 907 τοῖς
1057 833 1125 894 Κυ-

109 941 218 1023 μαίοις
240 947 298 1022 τῆς
320 938 423 1005 αὑτοῦ
445 942 540 1024 νίκης
562 940 766 1022 βουλόμενος
788 935 960 1019 γενέσθαι·
993 937 1123 1002 εἵποντο

109 1042 139 1110 δ’
167 1045 254 1132 αὐτῶ
282 1042 403 1110 πολλαὶ
429 1045 518 1110 πάνυ
545 1055 612 1110 τῶν
632 1042 814 1129 Ἀρικηνῶν
842 1043 980 1118 ὁλκάδες
1006 1043 1046 1106 τὰ
1069 1042 1124 1106 λά-

108 1174 199 1236 φυρα
226 1148 282 1214 καλ
309 1153 387 1227 τοὺς
414 1152 641 1236 αἰχμαλώτους
668 1161 734 1215 τῶν
765 1153 947 1235 Ῥυρρηνῶν
976 1149 1123 1231 άγουσαι.

73 1257 154 1333 4ὡς
176 1252 214 1320 δέ
236 1259 379 1340 πλησίον
402 1256 555 1340 ἐγένοντο
579 1266 637 1341 τῆς
655 1257 784 1341 Κύμης,
807 1256 944 1340 ὁρμίσας
966 1255 1023 1330 τὰς
1041 1264 1124 1330 ναῦς

69 1384 94 1424 ιο
109 1362 283 1446 ἐκκλησίαν
310 1373 371 1429 τοῦ
399 1373 540 1449 στρατοῦ
571 1375 730 1445 ποιεῖται,
757 1360 812 1428 καὶ
839 1362 946 1427 πολλὰ
973 1357 1034 1446 μὲν
1056 1372 1124 1426 τῶν

106 1462 358 1551 προεστηκότων
390 1478 447 1552 τῆς
478 1471 605 1545 πόλεως
635 1471 878 1553 κατηγορήσας,
908 1469 1054 1543 πολλοὺς
1086 1463 1123 1532 δέ

107 1585 174 1639 τῶν
198 1574 527 1660 ἀνδραγαθησάντων
549 1576 632 1641 κατά
655 1576 716 1659 τὴν
737 1575 845 1660 μάχην
864 1573 1020 1650 ἐπαίνους
1038 1575 1125 1638 διελ-

106 1681 181 1745 θὼν
208 1678 370 1766 ἀργύριόν
397 1705 433 1746 τε
461 1682 598 1758 διαδοὺς
625 1682 738 1758 αὐτοῖς
761 1677 831 1746 κατ’
859 1682 967 1766 άνδρα
989 1677 1044 1744 καὶ
1066 1681 1125 1756 τὰς

106 1787 195 1873 παρὰ
218 1798 285 1853 τῶν
300 1781 483 1873 Ἀρικηνῶν
505 1789 631 1873 δωρεάς
649 1790 696 1864 είς
714 1790 831 1854 κοινὸν
849 1789 950 1852 άπασι
969 1783 1125 1862 καταθεὶς

70 1913 95 1955 15
108 1891 203 1976 ηξίου
231 1901 421 1978 μεμνῆσθαι
448 1905 514 1960 τῶν
543 1895 758 1986 εὐεργεσιῶν,
786 1893 828 1959 άν
853 1894 1124 1959 καταπλεύσωσιν

107 2002 154 2077 είς
176 2002 237 2084 τὴν
260 2002 414 2088 πατρίδα,
437 1999 492 2066 καὶ
517 2002 560 2066 άν
583 2024 632 2077 τις
655 2000 742 2087 αὐτῷ
766 2021 845 2065 ποτε
869 2002 1035 2083 συμβαίνη
1056 2002 1124 2064 κίν-

107 2106 209 2183 δυνος
237 2107 273 2172 ε’κ
300 2117 357 2191 τῆς
380 2108 571 2192 ὀλιγαρχίας
595 2107 639 2182 ὡς
662 2108 803 2190 δύναμις
826 2104 950 2194 ἑκάστῳ
974 2108 1124 2189 βοηθεῖν.

71 2211 262 2282 ὁᾶπάντων
285 2210 323 2278 δέ
344 2213 470 2290 πολλάς
493 2213 749 2297 ὁμολογούντων
772 2212 860 2298 αὐτῷ
882 2212 1017 2297 χάριτας
1039 2209 1198 2281 &md-1326

105 2343 161 2383 ναι
184 2329 242 2403 τῆς
263 2317 292 2384 τ’
315 2319 514 2384 ἀνελπίστου
538 2322 712 2403 σωτηρίας,
735 2319 778 2402 ἣν
799 2315 843 2382 δι’
866 2317 994 2382 ἐκεῖνον
1014 2319 1123 2402 ἔσχον,

67 2423 161 2488 εοκαλ
188 2435 244 2508 της
272 2423 326 2490 ἐπὶ
353 2427 393 2490 τά
420 2427 525 2490 οίκεῖα
548 2425 589 2490 οὐ
612 2428 676 2490 σὺν
699 2435 810 2501 κεναῖς
831 2422 946 2508 χερσὶν
969 2419 1123 2508 ἀφίξεως,

105 2527 161 2593 καὶ
188 2532 246 2607 τὰς
273 2529 400 2596 ἑαυτῶν
422 2533 529 2616 ψυχὰς
551 2539 678 2597 θᾶττον
701 2531 721 2615 ἢ
744 2532 806 2616 τὴν
830 2530 959 2595 ἐκείνου
981 2531 1123 2615 προήσε-

107 2641 187 2699 σθαι
215 2648 282 2711 τοῖς
310 2635 445 2722 ἐχθροῖς
473 2636 777 2722 ἐπαγγειλαμένων,
806 2634 978 2713 ἐπαινέσας
1000 2634 1123 2712 αὐτοὺς

30 2755 55 2816 s*
106 2738 248 2805 άπέλυσε
270 2743 332 2827 τὴν
355 2742 540 2827 ἐκκλησίαν.
577 2740 633 2808 καὶ
651 2745 731 2827 μετά
750 2753 848 2809 τοῦτο
866 2747 977 2808 καλῶν
995 2744 1043 2818 είς
1060 2744 1123 2826 τὴν

105 2846 209 2911 αὑτοῦ
237 2849 364 2932 σκηνὴν
391 2851 469 2926 τοὺς
495 2849 741 2937 πονηροτάτους
767 2847 800 2926 ἐξ
829 2849 939 2914 αὐτῶν
961 2847 1123 2914 καὶκατὰ

66 2976 93 3016 ιι
105 2963 198 3038 χεῖρα
225 2955 480 3037 γενναιοτάτους
507 2957 642 3040 δωρεῶν
669 2977 703 3019 τε
732 2956 824 3020 δόσει
852 2953 905 3019 καὶ
934 2957 1044 3038 λόγων
1066 2980 1123 3041 φι-

106 3063 304 3148 λανθρωπίᾳ
332 3059 387 3126 καὶ
411 3072 481 3138 ταῖς
503 3062 649 3139 ἅπαντας
673 3059 895 3139 ἐξαπατώσαις
917 3060 1025 3127 ἐλπίσι
1048 3063 1123 3127 δια-

176 3291 192 3339 5
211 3285 380 3355 αὐτάγγελος
398 3303 420 3341 ο.
441 3286 530 3342 Cobet
548 3287 613 3343 Obs.
632 3306 659 3358 p.
680 3293 732 3342 135
787 3295 803 3341 6
822 3290 908 3343 αὐτοῦ
927 3288 979 3341 ΑΒ
1035 3295 1050 3342 ’λ
1070 3290 1121 3342 αὐ-

105 3358 200 3412 τω.Β
251 3356 490 3430 9δρμ<ί>σαςΒ
542 3363 576 3411 14
594 3358 700 3413 πᾶσιΟ
719 3376 789 3412 corr.
804 3357 947 3427 Kiessling
962 3362 966 3426 Ι
982 3359 1122 3421 καταθεὶς

105 3427 265 3495 Βπροθελς
278 3427 304 3480 R
348 3435 381 3482 λλ
402 3423 646 3499 ἐπαγγελλομένων
662 3429 684 3484 0
698 3429 847 3498 praeberB
893 3435 928 3483 24
946 3431 1032 3484 αὐτοῦ
1046 3430 1118 3502 Am

104 3497 324 3568 τολμηροτάτους
342 3516 365 3554 υ.
386 3499 458 3554 smit
477 3500 543 3554 Obs.
562 3518 589 3570 p.
609 3507 643 3555 33
