2538 3884
514 207 680 260 -Θ-
1036 209 1103 273 315

88 363 214 448 τηκέναι
243 363 303 430 καὶ
332 369 372 432 τὸ
403 367 555 444 αὔθαδες
583 369 668 452 πρὸς
696 371 775 445 τοὺς
803 369 1104 452 μεταδιδάσκοντας

87 470 276 556 φυλάττων,
302 473 413 555 [μετὰ]
438 473 601 558 αἰσχύνης
623 472 719 550 ἀξιον
741 484 857 556 πτῶμα
880 475 1003 540 ἔπεσεν.
1049 467 1138 540 οἷα5

88 579 143 660 γάρ
169 577 202 655 ἐξ
226 576 440 664 ὑπερδεξίων
463 577 570 644 αὐτοῦ
592 581 704 643 τόπων
726 579 763 642 οί
781 576 932 662 πολέμιοι
955 581 1012 657 τὰς
1035 579 1104 659 ἐξό-

89 685 161 760 δους
182 681 342 750 ἑκάστοτε
364 685 565 768 ποιούμενοι
585 684 692 748 πολλά
711 681 958 768 ἐπλεονέκτουν,
980 684 1104 768 ἀγοράς

89 787 111 852 τ’
131 789 242 854 αὐτῶν
266 787 438 873 ἀγομένας
459 788 527 853 ὑπὸ
549 797 618 853 τῶν
641 785 797 874 ἐμπόρων
819 786 1026 872 ἁρπάζοντες,
1048 789 1103 855 καλ
1130 813 1142 850 5

90 905 149 972 τοῖς
179 893 233 959 ἐπὶ
265 897 366 980 χιλὸν
395 895 416 979 ἦ
444 894 539 978 ὕδωρ
567 891 841 978 ἐκπορευομένοις
867 892 1103 978 ἐπιτιθέμενοι·

42 999 136 1066 μοικαὶ
157 1002 385 1087 περιεισττμιει
408 1008 454 1087 τῷ
479 996 541 1083 μέν
563 999 678 1089 ὑπάτῳ
701 1001 781 1084 μήτε
804 1009 922 1084 καιροῦ
944 994 1029 1066 εἶναι
1046 1025 1103 1066 κυ-

92 1110 159 1196 ρίῳ,
185 1106 223 1173 ἐν
251 1100 280 1194 ᾧ
311 1108 374 1173 τὸν
396 1105 514 1190 ἀγῶνα
538 1107 653 1190 ἔμελλε
675 1111 861 1187 ποιεῖσθαι,
887 1107 966 1190 μήτε
989 1109 1103 1190 τόπου,

92 1212 107 1276 ά
132 1214 223 1278 δοκεῖ
247 1212 381 1296 μεγάλα
409 1206 498 1277 εἶναι
526 1212 780 1296 κατηγορήματα
806 1209 979 1294 ἡγεμόνων
1007 1229 1103 1298 στρα-

92 1322 193 1402 τηγίας
210 1317 378 1405 ἀπείρων·
398 1329 470 1394 τοῖς
488 1313 526 1382 δὲ
546 1320 731 1402 Τυρρηνοῖς
749 1314 929 1402 ἀμφότερα,
946 1318 991 1394 ὡς
1008 1315 1102 1403 ε’βού-
1117 1339 1143 1378 ιο

93 1429 195 1508 λουτο,
226 1419 299 1510 εἶχε
333 1433 447 1490 ταῦτα.
494 1422 549 1488 καί
581 1418 660 1488 οὐδὲ
692 1418 759 1488 τότ’
790 1421 1015 1506 ἀπαναστῆσαι
1042 1424 1137 1507 τὴν6

94 1532 237 1615 στρατιάν
267 1531 288 1597 δ
313 1532 491 1613 Μενήνιος
512 1527 706 1612 ὑπέμεινεν,
733 1525 805 1593 ἀλλ’
831 1527 999 1610 ἐξαγαγὼν
1020 1550 1102 1614 παρ·
1162 1528 1174 1550 ’

94 1634 192 1715 έταξεν
211 1637 257 1714 ὡς
276 1638 329 1714 είς
347 1635 471 1721 μάχην,
488 1636 745 1720 καταφρονήσας
757 1618 825 1698 τῶν
838 1634 879 1698 τά
892 1631 1102 1718 συμφέροντα

94 1742 348 1828 ὑποτιθεμένων.
384 1739 441 1806 καί
465 1741 501 1806 οί
520 1736 686 1824 Τυρρηνοὶ
708 1741 771 1824 τὴν
792 1740 911 1805 ἄνοιαν
928 1749 989 1806 τοῦ
1006 1756 1103 1826 στρα-

96 1859 184 1931 τηγοῦ
213 1848 303 1934 μέγα
331 1848 501 1933 εὐτύχημα
527 1845 731 1930 ἡγησάμενοι
757 1844 953 1931 κατέβαινον
980 1845 1017 1911 ἐκ
1042 1857 1102 1912 τοῦ
1117 1867 1141 1906 υ

95 1955 223 2039 χάρακος
243 1955 311 2021 οὐκ
329 1953 489 2030 ἐλάττους
506 1952 527 2036 ἦ
547 1951 716 2018 διπλάσιοι
734 1963 801 2018 τῶν
819 1956 986 2036 πολεμίων
1000 1955 1101 2029 όντες.

97 2059 132 2136 ὡς
155 2058 191 2126 δέ
219 2059 412 2128 συνέπεσον
440 2057 613 2141 ἀλληλοις,
638 2060 744 2142 φόνος
770 2057 918 2141 ἐγίγνετο
941 2069 1008 2123 τῶν
1025 2055 1132 2126 ‘pm-7

97 2171 191 2248 μαίων
212 2171 324 2245 πολὺς
347 2167 390 2233 ού
414 2162 613 2248 δυναμένων
631 2163 669 2229 ἐν
687 2174 726 2250 τῇ
744 2163 831 2242 τάξει
849 2162 970 2247 μένειν.
1006 2161 1100 2241 ἐξεώ-

97 2278 172 2339 θουν
206 2277 274 2360 γάρ
311 2273 435 2348 αὐτοὺς
468 2271 505 2337 ολ
536 2268 703 2356 Τυρρηνοὶ
732 2279 792 2335 τοῦ
821 2292 856 2334 τε
885 2272 1010 2354 χωρίου
1039 2270 1101 2352 τὴν

97 2380 187 2460 φύσιν
210 2383 347 2466 ἔχοντες
370 2379 546 2461 σύμμαχον
564 2373 619 2440 καὶ
636 2385 703 2441 τῶν
722 2374 947 2460 ἐφεστηκότων
964 2378 1101 2440 κατόπιν
1115 2399 1141 2439 εο

98 2485 307 2565 -ἐτάξαντο
330 2485 394 2569 γὰρ
419 2481 473 2547 ἐπί
495 2481 603 2566 βάθος
624 2519 663 2528 -
683 2480 843 2566 ἐμπτώσει
861 2485 966 2566 πολλῇ
985 2498 1102 2566 συνερ-

52 2592 254 2675 ιεοτγούμενοι.
300 2592 473 2656 πεσόντων
501 2584 538 2652 δὲ
561 2598 628 2653 τῶν
651 2586 918 2672 ἐπιφανεστάτων
939 2592 1101 2673 λοχαγῶν,

98 2695 114 2777 ἡ
145 2700 241 2783 λοιπὴ
282 2707 351 2762 τῶν
377 2693 548 2779 Ῥωμαίων
585 2695 725 2778 δύναμις
756 2692 931 2777 ἐγκλίνασα
964 2697 1103 2780 ἔφευγεν

100 2799 144 2866 ἐπὶ
172 2805 232 2869 τὸν
264 2801 405 2888 χάρακα·
444 2802 479 2865 οί
504 2798 534 2865 δ’
561 2801 790 2886 ἠκολούθουν,
819 2798 874 2866 καὶ
900 2802 957 2880 τάς
983 2826 1018 2869 τε
1046 2819 1103 2889 ση-

100 2912 184 2989 μαίας
216 2909 330 2974 αύτῶν
363 2906 584 2993 ἀφαιροῦνται
612 2904 667 2971 καί
693 2909 771 2984 τοὺς
797 2913 997 2994 τραυματίας
1024 2917 1101 2978 συλ-
1116 2937 1141 2976 ευ

161 3179 176 3224 2
195 3170 291 3242 *μετὰ
305 3170 439 3241 αἰσχύνης
453 3169 532 3225 ΑΒΟ
552 3168 592 3233 είς
606 3168 678 3240 αίσχ.
693 3170 718 3223 R
736 3171 806 3241 μετὰ
820 3171 912 3229 delevi
967 3180 983 3229 3
1002 3175 1031 3231 οἱ
1048 3193 1102 3235 om.

102 3237 139 3294 Ba
161 3248 165 3310 Ι
190 3238 313 3312 ἐφόδους
338 3261 360 3297 ο.
384 3241 488 3296 Reiske
585 3249 615 3296 11
640 3243 838 3314 ἀπαναστῆναι
857 3247 879 3300 0
903 3247 1103 3320 ἀπαναστῆσαι

102 3311 221 3367 Gelenius
297 3319 328 3368 17
349 3308 363 3368 ἐ
382 3311 502 3368 ε’νετοΑ
576 3319 609 3367 18
633 3309 826 3381 *ἐξόθουνΟ
901 3325 933 3373 19
956 3339 985 3376 τε
1004 3338 1058 3378 om.
1077 3325 1104 3380 A

103 3387 129 3434 21
147 3379 175 3437 ἐν
193 3386 295 3439 πτώσει
311 3333 380 3439 Bag
453 3390 487 3438 22
506 3384 649 3441 πεσόντων
667 3386 699 3441 δὲ
717 3391 826 3443 πολλῶν
844 3398 899 3446 τῶν
915 3386 1104 3463 ἐπιφανεστά-

104 3471 149 3507 των
165 3457 188 3508 Α
205 3460 314 3511 πολλῶν
333 3455 397 3511 αδδ.
418 3455 492 3525 cmg
564 3463 598 3512 25
622 3459 738 3528 σημείας
755 3459 807 3515 ΑΒ
825 3462 861 3518 τά
878 3483 907 3519 τε
927 3474 1028 3538 σημεῖα
1047 3471 1067 3528 C
