2508 3882
588 161 756 210 ...Η-

166 317 348 404 ἀμφότεροι
379 329 446 384 τῶν
478 330 670 404 στρατηγῶν
707 317 990 404 ἀνακαλουμένων
1025 316 1165 402 ἀπῆλθον
1237 407 1238 420 ,

165 420 219 487 ἐπὶ
240 426 319 500 τοὺς
342 421 469 490 ἑαυτῶν
491 425 649 510 χάρακας·
675 423 732 492 καὶ
754 424 865 492 οίυιέτι
887 427 969 510 μετὰ
992 421 1078 491 τοῦτ’
1104 421 1238 510 έξή-ιτοοῖ

163 543 245 593 εσαν
262 530 311 606 είς
328 529 437 614 μάχην
455 529 635 616 οὐδέτεροι,
659 529 731 596 ἀλλ’
753 531 1014 614 ἀντικαθήμενοι
1032 533 1167 617 παρεφά-

164 639 283 702 λαττον
305 634 459 720 ἀλλήλων
485 639 544 713 τάς
570 635 666 702 ἕνεκα
693 649 761 703 τῶν
783 637 980 722 ἐπιτηδείαν
1002 635 1166 720 γινομένας

127 726 306 840 ξέξόδους.
352 741 444 820 ἔδοξε
467 740 581 827 μέντοι
602 741 658 810 καλ
681 747 779 827 λόγος
801 739 845 827 ήν
873 743 910 809 ἐν
932 752 973 828 τῇ
991 741 1094 829 Ῥώμη
1114 765 1166 808 το-

163 848 238 931 λύς,
269 848 314 924 ὡς
346 846 514 932 δυναμένη
547 852 620 914 τότε
651 858 751 915 νικᾶν
781 849 802 932 ἡ
835 847 1005 934 Ῥωμαίων
1038 851 1166 932 δύναμις

162 951 297 1020 ἑκουσία
324 951 429 1039 μηδὲν
457 951 542 1039 <ήν>
571 955 779 1040 ἐργάσασθαι
808 958 961 1042 λαμπρὸν
994 957 1051 1021 διά
1080 958 1167 1039 μῖσός

161 1083 195 1125 τε
223 1069 283 1126 τοῦ
310 1060 438 1127 ὑπάτου
465 1059 521 1126 καὶ
544 1061 665 1148 ὀργήν,
694 1062 738 1145 ήν
763 1057 830 1148 εἶχε
857 1063 941 1146 πρὸς
963 1065 1043 1138 τοὺς
1063 1082 1167 1146 πατρι-

161 1167 254 1241 κίους
273 1163 329 1230 ἐπὶ
346 1175 392 1253 τῷ
413 1176 606 1254 φενακισμῷ
629 1176 688 1251 τῆς
711 1171 918 1255 κληρουχίας.
964 1165 1060 1234 αὐτοὶ
1083 1165 1112 1232 δ’
1137 1167 1170 1232 οί

121 1295 148 1334 ιο
161 1281 356 1355 στρατιῶται
392 1274 452 1338 τὸν
487 1274 615 1342 ὕπατον
652 1275 697 1351 ὡς
733 1275 794 1360 οὐχ
827 1274 945 1340 ίκανὸν
981 1285 1167 1358 στρατηγεῖν
1238 1311 1239 1356 3

159 1374 313 1463 ᾐτιῶντο,
331 1379 504 1464 γράμματα
522 1379 706 1464 πέμποντες
725 1381 770 1458 ὡς
787 1383 865 1457 τοὺς
881 1379 1086 1463 ἐπιτηδείως
1099 1377 1167 1445 έαυ
1238 1391 1239 1422 ἒ

159 1494 227 1549 τῶν
255 1481 397 1551 ἕκαστοι.
443 1483 499 1549 καὶ
525 1487 565 1551 τά
593 1482 655 1570 μὲν
683 1483 749 1551 ἐπὶ·
764 1484 989 1572 στρατοπέδου
1016 1490 1167 1570 γινόμενα

159 1587 284 1656 τοιαῦτ’
310 1587 366 1674 ήν·
391 1589 428 1656 έν
451 1591 533 1676 αὐτῇ
557 1588 595 1656 δὲ
617 1601 656 1677 τῇ
678 1590 785 1679 Ῥώμη
808 1594 915 1658 πολλὰ
938 1593 1094 1676 δαιμόνια
1114 1609 1167 1674 ση-

159 1706 234 1776 μεῖα
262 1695 415 1781 ἐφαίνετο
444 1698 608 1780 δηλωτικὰ
634 1702 734 1765 θείου
763 1701 866 1785 χόλου
893 1698 976 1763 κατά
1003 1722 1038 1763 τε
1061 1699 1166 1783 φανάς

119 1767 213 1881 1’ἕκαὶ
237 1802 329 1879 δήεις
351 1800 478 1884 ἀήθεις.
523 1805 630 1870 πάντα
654 1802 684 1869 δ’
712 1807 759 1882 είς
780 1814 879 1872 τοῦτο
903 1801 1104 1888 συνέτεινεν,
1124 1805 1166 1880 ὡς

158 1906 243 1970 οἵτε
263 1906 396 1990 μάντεις
414 1906 470 1974 καὶ
487 1910 523 1974 οί
538 1921 606 1976 τῶν
625 1912 724 1998 ἱερῶν
743 1909 896 1996 ἐξηγηταὶ
916 1910 1166 1994 συνενέγκαντες

157 2012 215 2088 τὰς
242 2009 410 2100 ἐμπειρίας
437 2014 678 2101 ἀπεφαίνοντο,
709 2017 804 2102 <ὅτι>
834 2023 926 2083 θεῶν
958 2015 1164 2102 [χολοῦσθαὶ]

157 2142 245 2196 τινες
272 2119 313 2186 οὐ
340 2124 529 2205 κομίζονται
556 2124 614 2200 τάς
640 2127 803 2208 νομίμους
828 2125 925 2207 τιμάς
952 2123 994 2188 οὐ
1017 2130 1218 2209 καθαρῶςιτει

158 2222 237 2291 οὐδὲ
260 2227 360 2305 ὁσίως
382 2228 646 2312 ἐπιτελουμένων
667 2229 779 2307 αὐτοῖς
801 2240 868 2295 τῶν
888 2231 996 2315 ἱερῶν.
1037 2219 1167 2312 Υζήτησις
1239 2279 1240 2312 ,

118 2357 144 2397 εο
158 2333 199 2415 δή
231 2335 312 2417 μετὰ
344 2343 442 2401 τοῦτο
474 2335 579 2417 πολλή
612 2334 649 2400 ἐκ
679 2335 814 2400 πάντων
847 2335 991 2420 ἐγίνετο,
1021 2332 1078 2400 καί
1109 2339 1166 2400 σὺν
1239 2343 1240 2398 λ

156 2441 266 2528 χρόνφ
288 2442 431 2524 μήνυσις
453 2425 648 2507 ἀποδίδοται
675 2453 743 2518 τοῖς
772 2442 998 2528 ίεροφάνταις,
1026 2439 1078 2506 ὅτι
1105 2452 1167 2506 τῶν
1239 2427 1240 2430 ¹

156 2542 336 2630 παρθένων
364 2550 423 2631 μία
450 2557 518 2612 τῶν
540 2553 780 2632 φυλαττουσῶν
802 2550 839 2615 τὸ
864 2548 955 2632 ἱερὸν
977 2557 1061 2632 πῦρ,
1086 2542 1167 2612 Ὀπι-

157 2652 216 2730 μία
238 2651 344 2734 ὄνομα
367 2651 467 2736 αὐτή,
494 2654 556 2737 τήν
582 2657 771 2739 παρθενίαν
798 2652 1018 2737 ἀφαιρεθεῖσα
1046 2657 1165 2736 μιαίνει

120 2754 196 2819 5τά
220 2754 300 2838 ίερά.
346 2756 381 2820 oc
409 2753 439 2820 δ’
467 2759 502 2822 ἔκ
530 2781 565 2823 τε
592 2760 750 2843 βασάνων
778 2757 832 2826 καλ
860 2770 927 2826 τῶν
954 2760 1066 2824 ἀλλων
1089 2759 1165 2824 ἀπο-

229 2949 245 2996 3
265 2939 321 2997 ἀλλ’
343 2943 568 3015 ἀντικαθήμενοι
586 2948 611 3001 Α
630 2948 700 3003 ἀλλὰ
718 2949 878 3021 καθήμενοι
896 2950 920 3003 Β
1014 2957 1030 3005 7
1049 2951 1064 2984 *
1099 2949 1163 3019 ηδέν

157 3008 333 3085 ἐργάσασθαι
352 3013 374 3069 0
394 3035 421 3085 μ.
440 3014 581 3086 ἠθέλησεν
601 3015 622 3073 έ.
642 3035 665 3074 c.
681 3021 802 3091 Sylburg
820 3043 846 3093 μ.
868 3019 1015 3092 εἰργάσατο
1035 3037 1058 3078 c.
1073 2971 1163 3075 ἀίοεε·

154 3085 216 3157 ling
234 3079 270 3156 ήν
289 3102 343 3156 ego
362 3085 459 3141 addidi
533 3096 566 3142 14
586 3084 761 3166 έφ<αί>νετο
776 3095 822 3147 Ba
838 3095 841 3162 Ι
858 3091 997 3164 δημοτικὰ
1014 3093 1062 3185 θα
1134 3097 1164 3146 15

154 3195 273 3264 ἀληθεῖς
291 3193 337 3248 Ba
423 3201 456 3249 17
475 3195 669 3265 ἀπεφαίνοντο
688 3203 766 3254 θεῶν
784 3200 945 3271 χολοῦσθαί
959 3161 1035 3256 τινδί
1046 3199 1073 3253 Α
1091 3201 1118 3255 ἀ.
1135 3204 1163 3254 θ.

155 3265 228 3329 τινές
247 3266 269 3320 Β
293 3269 448 3336 χολοῦσθαι
467 3266 541 3337 Omg
564 3287 628 3323 τινα
652 3286 667 3324 ο
686 3286 755 3325 corr.
775 3271 795 3325 Ο
819 3271 846 3326 ἀ.
872 3269 914 3325 ὅτι
936 3274 1014 3326 θεῶν
1038 3291 1112 3334 τινες
1134 3272 1163 3326 οὐ

154 3340 316 3408 κομίζονται
335 3337 457 3392 Sintenis
476 3336 536 3392 Em.
556 3339 739 3396 Dion.11[26
800 3347 833 3395 21
854 3339 897 3396 ὅτι
915 3341 1061 3411 παρθένος
1080 3342 1164 3413 μίαΑ

155 3413 189 3461 22
207 3409 239 3462 τὸ
259 3406 335 3478 λερδν
354 3410 493 3479 προπιμία
512 3407 601 3481 ὄνομα
621 3411 643 3466 0
662 3415 775 3480 praeter
791 3411 815 3466 Β
