2484 3876
148 159 212 224 148
570 162 739 213 -Η-

145 321 256 404 αὐτοί,
277 322 318 386 τὰ
342 317 372 386 δ’
394 318 448 388 ἐπὶ
469 331 538 386 τῶν
559 321 750 406 ὑποζυγίων
771 324 881 388 πολὺν
902 322 1161 407 ἡναγκάσθησαν

47 441 51 448 “
147 429 319 513 διατρῖψαι
336 429 470 513 χρόνον.
663 449 667 459 ·

211 532 337 600 XVIII.
361 531 398 596 ‘0
421 531 459 599 δέ
482 535 675 620 στρατηγός,
697 533 812 620 ἐπειδὴ
834 536 875 600 τὰ
899 535 1037 620 σώματα
1056 531 1164 600 καὶτὰ

146 641 295 726 χρήματα
316 639 425 706 πάντα
448 639 690 725 ἐξεκεκόμιστο,
713 643 775 725 τὴν
797 644 898 706 πόλιν
921 643 1051 727 ἔρημον
1073 664 1166 705 κατα-

120 746 254 812 ιλιπδιν
276 745 382 831 ἀπῆγε
405 748 466 831 τὴν
490 748 635 831 δύναμιν
658 744 712 812 ἐπὶ
734 752 856 813 Βῶλαν
874 747 1082 832 (Λατίνων)
1105 744 1166 812 ἑτέ-
1230 741 1231 810 I

148 877 211 939 ραν
237 855 346 920 πόλιν.
391 855 509 939 ἔτυχον
536 848 575 918 δέ
599 850 656 918 καὶ
683 853 720 919 οί
739 851 894 920 Βωλανοὶ
920 855 1167 939 προεγνωκότες

147 959 251 1026 αὐτοῦ
272 961 335 1045 τὴν
358 961 483 1044 ἔφοδον
505 956 562 1024 καὶ
578 959 884 1045 παρεσκευασμένοι
900 960 1012 1025 πάντα
1030 960 1073 1024 τὰ
1090 960 1221 1044 πρδςιοιο

146 1068 206 1132 τὸν
228 1065 342 1150 ἀγῶνα
365 1065 542 1150 ἐπιτήδεια.
579 1067 597 1132 ὁ
621 1063 683 1150 μὲν
706 1061 769 1133 οὖν
787 1067 943 1152 Μάρκιος
965 1067 1013 1144 ὡς
1037 1065 1072 1144 ἐξ
1095 1064 1167 1150 ἐφό

148 1173 211 1236 δον
234 1172 295 1255 τὴν
317 1174 417 1238 πόλιν
441 1173 589 1258 αἱρήσων
611 1174 694 1238 κατὰ
716 1175 823 1239 πολλὰ
846 1171 930 1258 με’ρη
953 1181 1018 1239 τοῦ
1041 1175 1166 1257 τείχους

108 1297 134 1336 ιο
148 1275 291 1343 ε’ποιείτο
314 1279 372 1355 τὰς
393 1280 594 1364 προσβολάς·
626 1281 662 1345 οί
681 1276 719 1345 δὲ
740 1277 897 1346 Βωλανοὶ
918 1282 1166 1366 περιμείναντες

148 1384 266 1469 καιρὸν
289 1381 477 1469 ἐπιτήδειον
500 1383 675 1468 ἀνοίγουσι
696 1387 756 1463 τὰς
772 1387 891 1472 πύλας,
912 1385 969 1452 καὶ
987 1389 1166 1473 φερόμενοι

148 1491 231 1555 κατά
257 1495 389 1573 πλῆθος
410 1489 448 1555 έν
469 1489 559 1568 τάξει
579 1513 616 1556 τε
638 1488 694 1556 καὶ
715 1495 828 1582 κόσμῳ
852 1493 1081 1579 συρράττουσι
1102 1501 1166 1566 τοῖς

148 1596 231 1661 κατδι
254 1594 422 1680 μέτωπον,
449 1595 505 1661 καὶ
526 1600 671 1674 πολλοὺς
693 1597 804 1664 αὐτῶν
827 1598 1100 1683 ἀποκτείναντες,
1123 1600 1166 1662 ἔτι

82 1715 84 1720 ’
149 1698 187 1766 δὲ
205 1705 339 1779 πλείους
356 1709 718 1788 κατατραυματίσαντες
731 1706 811 1781 τούς
824 1728 858 1769 τε
873 1709 1012 1783 λοιποὺς
1026 1707 1165 1790 αἰσχρῶς

110 1776 393 1891 Ξάναγκάσαντες
421 1819 542 1892 φυγεῖν
572 1808 778 1895 ἀνέστρεψαν
807 1813 854 1888 είς
879 1812 942 1894 τὴν
968 1814 1083 1877 πόλιν.
1126 1810 1166 1884 ὡς

150 1910 181 1978 δ’
204 1914 289 1995 ἔγνω
313 1913 374 1996 τὴν
396 1913 522 1998 τροπὴν
544 1926 612 1980 τῶν
637 1915 861 1982 Οὐολούσκων
884 1910 907 1982 δ
925 1918 1096 2004 Μάρκιος·
1127 1916 1164 1980 οὐ

148 2020 212 2104 γὰρ
237 2021 330 2103 ἔτυχε
353 2020 469 2105 παρὼν
492 2019 529 2084 έν
557 2014 583 2108 ᾧ
606 2026 717 2111 χωρίῳ
739 2023 778 2088 τὸ
800 2023 911 2100 πάθος
932 2020 1079 2106 ἐγένετο·
1109 2043 1165 2087 τια-

149 2136 213 2211 ρῆν
236 2129 300 2191 σὺν
323 2125 449 2210 ὀλίγοις
471 2128 553 2192 κατὰ
576 2131 729 2213 σπουδὴν
746 2127 802 2194 καὶ
819 2133 899 2207 τοὺς
916 2128 953 2195 ἐκ
969 2139 1029 2214 τῆς
1046 2137 1164 2217 τροπῆς

150 2231 394 2310 σκεδασθέντας
424 2232 603 2318 ἀναλαβὼν
634 2238 811 2300 συνίστατο
838 2234 894 2301 καὶ
919 2236 1163 2322 παρεθάρρυνε,

110 2365 137 2406 ιο
149 2339 206 2407 καὶ
224 2340 338 2424 ἐπειδὴ
354 2338 551 2433 κατέστησεν
565 2342 613 2417 είς
625 2339 742 2423 τάξεις,
760 2341 948 2426 ὑποδείξας,
966 2341 987 2407 ἃ
1001 2343 1058 2408 δεί
1068 2342 1164 2427 πράτ-

149 2471 236 2532 τειν,
264 2446 413 2513 ἐκέλευσε
440 2447 663 2533 προσβάλλειν
690 2456 729 2532 τῇ
756 2450 851 2512 πόλει
878 2449 960 2512 κατὰ
987 2449 1046 2526 τὰς
1068 2447 1164 2522 αὐτάς

11 2539 12 2596 f
116 2553 266 2631 3πύλας.
311 2553 528 2641 χρησαμένων
556 2550 594 2618 δὲ
616 2554 717 2620 πάλιν
739 2565 807 2618 τῶν
829 2557 999 2620 Βωλανῶν
1021 2565 1061 2640 τῇ
1085 2554 1162 2636 αὐτῇ

151 2663 250 2745 πείρᾳ
277 2658 333 2724 καὶ
355 2661 437 2724 κατὰ
459 2664 589 2743 πλῆθος
612 2658 845 2745 ἐκδραμόντων
868 2660 910 2726 οὐ
933 2659 1087 2746 δέχονται
1109 2659 1162 2724 αό-

150 2768 230 2842 τοὺς
259 2765 295 2829 οί
316 2765 541 2849 Οὐολοῦσκοι,
572 2763 644 2829 ἀλλ’
676 2765 884 2848 ἐγκλίναντες
913 2769 1056 2852 ἔφευγον
1085 2765 1163 2832 κατὰ

151 2995 187 3010 “’
225 2987 354 3053 Ῑπόλεις
372 3007 426 3047 om.
445 2990 471 3044 A
526 2987 721 3062 4έξεκόμιοτο
740 2992 820 3047 ΑΒΟ
875 2998 1049 3049 δΒωλανῶν
1068 2989 1161 3062 ἑτέραν

153 3063 176 3119 0
196 3079 264 3117 corr.
285 3059 408 3116 Sintenis
427 3061 487 3117 Em.
507 3063 587 3118 Dion.
605 3063 679 3119 1129
698 3067 851 3134 praeeunte
870 3065 985 3120 Reiskio
1041 3071 1057 3120 7
1075 3082 1160 3132 παρα-

152 3130 376 3204 σκευασμένοιΑ
394 3133 697 3208 παρ<εσ>κευασμένοι
716 3137 738 3190 Β
812 3142 846 3190 14
863 3139 976 3199 πλείους
993 3137 1098 3192 τούτων
1116 3153 1159 3188 κα-

151 3208 423 3278 τατραυματίσαντες
442 3205 464 3262 0
483 3206 636 3275 praeterB
696 3211 729 3262 17
748 3208 839 3279 χωρίῳ
858 3207 965 3262 εδδΒ
1022 3215 1054 3263 19
1073 3208 1161 3260 *συν-

153 3280 263 3333 ίσταται
281 3278 330 3332 καί
343 3278 366 3330 Β
382 3279 497 3332 σννίστα
510 3277 540 3332 τέ
555 3277 604 3332 καλ
617 3277 642 3330 R
656 3280 803 3333 συνίστατο
817 3277 866 3332 καί
880 3294 932 3349 ego
948 3279 982 3335 cf.
993 3280 1038 3337 W.
1054 3273 1160 3333 Schmid

152 3347 319 3470 Αλλίοίεωχιιε
345 3352 412 3403 tom.
436 3348 462 3401 II
485 3366 512 3417 p.
537 3355 571 3404 26
599 3351 656 3404 not.
680 3355 715 3404 47
797 3354 832 3403 24
860 3346 889 3403 οί
910 3349 974 3405 add.
998 3349 1022 3402 B
1047 3354 1051 3420 Ι
1079 3345 1161 3404 έκκλί-

152 3437 252 3480 ναντες
