2496 3878
153 166 195 229 18
413 251 418 260 ¹
578 171 739 222 -Ζ-

153 331 197 409 ὡς
211 331 341 416 ἔμαθον
356 327 597 413 ἐξεληλυθυῖαν
615 329 652 394 ἐκ
669 339 727 412 τῆς
744 333 871 408 πόλεως
889 333 951 416 την
970 341 1030 398 τοῦ
1048 333 1174 417 τυράν-

150 463 214 504 νου
238 437 395 523 στρατιάν
414 439 605 520 συνθήμασι
624 443 833 521 μηνυθεῖσαν
851 438 916 504 ὑπὸ
937 448 1005 503 τῶν
1023 451 1172 522 σκοπῶν,

152 544 338 630 πέμπουσιν
353 542 386 622 έξ
401 543 511 609 αὐτῶν
530 541 605 628 περὶ
625 540 782 627 ἑξήκοντα
800 543 941 627 μάλιστα
959 547 1037 620 τοὺς
1055 545 1172 611 εὐτολ-

84 728 87 733 ,
152 652 313 737 μοτάτους
340 647 504 734 διφθέρας
531 651 665 734 ἔχοντας
692 648 747 714 καὶ
777 648 962 734 φακέλλους
984 652 1172 735 φρυγάνων

118 739 354 854 Ξκομίζοντας.
390 751 484 822 οὗτοι
506 753 582 841 περὶ
604 756 737 841 λύχνων
756 754 842 840 ἁφάς
860 758 956 821 άλλοι
974 753 1043 821 κατ’
1064 759 1172 835 άλλας

151 867 257 941 πύλας
274 865 318 940 ὡς
336 872 491 948 χερνῆται
508 864 784 948 παρεισπεσόντες
797 865 935 928 ἔλαθον·
959 863 1003 939 ὡς
1017 861 1047 927 δ’
1066 865 1171 930 ἔνδον

36 1045 38 1052 ,
152 971 306 1056 ἐγένοντο
333 979 393 1035 τοῦ
420 971 548 1054 τείχους
576 966 807 1045 ἐξελκύσαντες
833 967 870 1033 ἐκ
896 981 964 1035 τῶν
990 968 1169 1054 φακέλλων

151 1077 172 1143 ἃ
194 1076 418 1161 κατέκρυπτον
446 1074 541 1160 ξίφη,
568 1073 624 1140 κοιλ
651 1078 874 1152 συνελθόντες
900 1077 948 1152 είς
974 1079 1034 1142 τὸν
1061 1075 1169 1142 αὐτὸν

151 1173 291 1260 ἅπαντες
313 1185 417 1247 τόπον
440 1178 539 1246 ἔπειτ’
564 1181 695 1246 ἐκεῖθεν
718 1182 921 1267 ὁρμήσαντες
939 1182 1060 1268 ἀθρόοι
1082 1185 1169 1268 πρὸς
1202 1237 1206 1244 .

111 1311 138 1350 ιο
150 1291 209 1368 τὰς
231 1287 285 1355 έπλ
306 1290 366 1354 τὸν
381 1286 524 1374 ’Ἇορνον
546 1288 714 1373 φερούσας
735 1289 841 1366 πύλας
863 1291 941 1366 τούς
961 1313 996 1355 τε
1015 1289 1229 1373 φύλακας133

150 1397 261 1462 αὐτῶν
288 1394 519 1460 ἀποκτείνουσι
546 1393 774 1479 κοιμωμένους
800 1398 853 1460 καὶ
879 1399 958 1473 τοὺς
986 1396 1177 1481 σφετέρους

150 1505 296 1579 ἅπαντας
317 1504 381 1586 ἤδη
404 1511 465 1567 τοῦ
492 1503 620 1586 τείχους
644 1505 787 1585 πλησίον
815 1504 913 1579 ὄντας
939 1501 1167 1586 ἀναπεπταμέ-

149 1635 224 1686 ναις
251 1619 322 1686 ταῖς
352 1609 471 1683 πύλαις
502 1600 738 1692 ὑποδέχονται,
764 1606 820 1672 καὶ
851 1616 950 1674 τοῦτο
982 1607 1167 1694 πράξαντες

113 1717 282 1785 3έλαθον.
326 1717 420 1799 ἔτυχε
447 1715 511 1800 γάρ
539 1713 648 1801 έκείνη
680 1723 718 1798 τῇ
747 1712 842 1779 νυκτί
870 1712 967 1800 ἑορτή
999 1739 1047 1791 τις
1079 1710 1166 1781 οὖσα

109 1842 134 1883 ιε
149 1823 342 1906 δημοτελής,
364 1817 419 1884 καὶ
443 1816 486 1885 δι’
510 1819 615 1903 αὐτὴν
634 1821 718 1896 ἅπας
741 1820 759 1886 δ
782 1821 864 1885 κατὰ
882 1823 981 1886 πόλιν
1004 1823 1102 1906 δχλος
1125 1820 1165 1887 ἐν

147 1930 261 2003 πότοις
280 1927 327 1992 ὢν
350 1925 406 1991 καὶ
423 1938 494 2003 ταῖς
511 1928 627 2003 άλλαις
645 1926 846 2004 εὐπαθείαις.
882 1935 980 1994 τοῦτο
999 1927 1165 2013 παρέσχεν

148 2033 261 2110 αὐτοῖς
288 2034 369 2099 κατὰ
395 2034 523 2117 πολλὴν
551 2034 666 2098 ἄδειαν
694 2031 820 2110 ἁπάσας
847 2035 997 2099 διελθεῖν
1023 2035 1081 2111 τὰς
1109 2033 1165 2099 ἐπὶ

147 2141 209 2223 την
228 2141 431 2226 τυραννικὴν
451 2142 559 2204 οίκίαν
578 2141 745 2224 φερούσας
764 2139 876 2216 ὁδούς
900 2139 956 2205 καὶ
975 2137 1054 2205 οὐδὲ
1072 2143 1165 2226 παρὰ

147 2259 219 2323 ταῖς
240 2248 364 2331 θύραις
385 2247 514 2328 πολλήν
532 2268 606 2310 τινα
624 2244 679 2309 καὶ
698 2245 919 2330 ἐγρηγορυῖαν
937 2241 1038 2331 εὗρον
1057 2247 1166 2331 φυλα-
1240 2327 1241 2338 ¹

103 2355 222 2437 εοκην,
250 2352 341 2424 άλλδι,
356 2338 530 2418 κάνταῦθα
552 2354 630 2428 τοὺς
653 2348 714 2436 μέν
736 2353 800 2436 ἤδη
824 2354 1062 2436 καθεύδοντας,
1084 2357 1165 2430 τοὺς
1238 2371 1240 2449 j

147 2455 185 2522 δέ
209 2461 397 2543 μεθύοντας
418 2457 667 2543 ἀποσφάξαντες
687 2460 764 2544 δίχα
782 2461 889 2524 πόνου
908 2457 963 2524 καὶ
981 2460 1062 2523 κατὰ
1079 2465 1163 2542 πλη·
1237 2489 1238 2505 ¹

143 2566 212 2638 θος
229 2567 277 2641 είς
293 2567 356 2650 τὴν
374 2568 483 2632 οίκίαν
502 2566 679 2650 ὠσάμενοι,
699 2568 777 2642 τοὺς
796 2561 857 2649 μέν
875 2567 997 2641 ἄλλους
1015 2566 1162 2641 ἅπαντας
1235 2595 1236 2616 ι

142 2666 223 2748 οὔτε
245 2680 313 2734 τῶν
336 2674 497 2754 σωμάτων
512 2674 573 2735 έτι
600 2680 802 2756 κρατοῦντας
829 2672 904 2737 ούτε
932 2683 998 2736 τῶν
1026 2682 1162 2756 φρενῶν
1232 2733 1233 2740 ,

140 2769 201 2833 διά
230 2775 289 2839 τὸν
322 2770 416 2840 οἶνον
442 2777 619 2859 προβάτων
652 2778 749 2858 δίκην
780 2775 999 2862 κατέσφαξαν·
1033 2780 1093 2843 τὸν
1126 2775 1158 2842 δ’
1229 2825 1230 2828 ¹

181 3059 188 3070 ,
218 3003 251 3050 12
271 3001 333 3074 *τῷ
351 3003 396 3056 τεί
411 3021 436 3056 ει
453 3001 571 3069 πλησίον
590 3001 613 3055 0
633 3001 739 3056 correxi
812 3010 845 3058 13
859 3004 908 3057 καλ
926 3003 962 3071 δὴ
977 3002 1121 3058 καὶτοῦτο
1137 3021 1161 3059 ο.

123 3054 248 3120 ΒΘῙΕῙῐΘ
340 3079 372 3127 15
392 3023 431 3127 δι’
453 3074 539 3141 αὐτῆς
557 3072 579 3125 Β
671 3079 704 3127 16
724 3082 805 3128 τοῦτο
823 3074 853 3126 in
871 3073 933 3128 τότε
951 3077 1062 3129 mutare
1082 3077 1112 3128 et
1131 3077 1162 3128 in

118 3139 317 3220 Praqcedens
336 3161 446 3199 comma
464 3143 616 3198 transferre
635 3144 736 3199 maluit
755 3145 875 3213 Sylburg
963 3153 993 3200 ιῖ
1013 3145 1116 3200 ἄδειαν
1135 3147 1162 3198 Α

117 3195 293 3266 ὃῦπετειοιυ
311 3216 334 3268 Β
423 3220 456 3269 18
475 3215 541 3286 περὶ
558 3224 619 3278 ταῖς
637 3215 741 3286 θύραις
761 3219 783 3269 0
802 3216 881 3284 παρὰ
899 3222 921 3270 τί
940 3220 972 3271 θ.
991 3234 1014 3271 ο.
1034 3215 1160 3270 Sinbenis

114 3260 195 3325 Em·
225 3277 425 3355 Dion.11110‚
454 3287 519 3355 περὶ
537 3287 586 3349 τὰς
604 3287 697 3356 θύρας
723 3286 812 3341 Cobet
835 3287 900 3342 Obs.
921 3307 947 3355 p.
965 3293 1024 3352 137,
1048 3287 1099 3340 sed
1122 3287 1159 3342 cf.

111 3327 230 3450 {rebe
252 3352 318 3411 Rec.
336 3357 406 3425 phil.
425 3357 482 3412 litt.
501 3374 574 3412 nova
591 3376 619 3427 p.
635 3366 686 3413 325
759 3365 793 3412 22
809 3357 936 3419 ἅπαντας
950 3358 975 3409 Α
994 3357 1160 3427 σύμπαντας

237 3426 274 3479 23
293 3437 466 3496 κρατοῦντας
484 3429 509 3480 Α
526 3430 678 3499 κρατεροὺς
696 3429 780 3491 ὄντας
798 3428 821 3481 Β
