2484 3876
477 199 644 248 -Η-
1002 195 1065 260 137

71 358 244 442 ἀναμεῖναι,
266 359 389 436 πάντες
412 361 512 445 ἔργον
535 364 663 443 εἴχοντο
685 360 1007 444 παρασκευαζόμενοι
1029 359 1069 424 τὰ
1128 359 1133 369 ’

70 461 204 548 πολέμια·
228 463 306 530 ὅσοι
328 463 356 532 τ’
379 460 465 550 ἦσαν
488 465 599 532 αὐτῶν
622 466 749 549 άθυμοι
767 463 847 544 τέως
863 461 1070 543 κακωθέντες

70 569 98 634 ίν
120 582 185 648 ταῖς
211 569 392 659 προτέραις
414 572 546 658 μάχαις,
574 574 647 639 τότε
669 571 788 650 πάντες
811 571 1070 658 ἐπερρώσθησαν

70 676 179 761 ἀςτην
196 674 371 763 Ῥωμαίων
393 681 654 764 καθαιρήσοντες
676 679 781 764 ἰσχύν.
827 679 862 744 οί
883 675 913 744 δ’
938 681 987 756 είς
1008 681 1105 764 την3

66 780 171 867 Ῥώμην
194 782 441 863 ἀποσταλέντες
461 783 517 851 ὑπ’
546 785 657 851 αὐτῶν
678 784 833 872 πρέσβεις
854 785 1071 863 καταστάντες
1097 805 1111 846 ε

71 887 110 954 ἐπὶ
129 891 187 974 τὴν
210 893 346 977 βουλὴν
369 894 498 975 ἔλεγον·
511 889 583 958 Ὅτι
603 891 830 968 Οὐολούσκοις
851 889 927 977 περὶ
944 897 1071 957 πολλοῦ

71 994 123 1060 ἐστι
147 999 406 1065 καταλύσασθαι
434 999 474 1064 τά
500 1001 583 1084 πρὸς
608 1002 780 1083 Ρωμαίους
807 997 993 1083 ἐγκλήματα
1017 995 1072 1063 καὶ

71 1104 116 1167 τὸν
143 1106 266 1170 λοιπὸν
295 1107 419 1191 χρόνον
446 1100 532 1171 είναι
559 1109 671 1190 φίλοις
697 1103 753 1171 καί
781 1104 964 1190 συμμάχοις
990 1105 1072 1171 ἀνευ
1120 1186 1123 1199 1

22 1217 23 1224 ’
71 1209 155 1274 δόλου
181 1209 239 1276 καὶ
268 1212 401 1297 ἀπάτης.
447 1215 583 1278 ἔσεσθαι
611 1209 648 1278 δὲ
674 1213 712 1277 τὸ
739 1213 858 1278 πιστὸν
881 1212 994 1288 αὐτοῖς
1014 1221 1072 1296 τῆς

22 1348 23 1378 ι
72 1318 164 1395 φιλίας
190 1315 334 1401 βέβαιον
360 1317 562 1403 ἀπέφαινον,
591 1320 623 1384 εί
642 1321 835 1404 κομίσαιντο
862 1326 926 1401 γῆν
953 1340 988 1382 τε
1012 1318 1073 1400 τὴν
1087 1337 1114 1377 ιο

73 1417 177 1487 ἑαυτῶν
193 1422 252 1488 καλ
266 1427 391 1507 πόλεις,
405 1423 444 1501 ἀς
455 1425 521 1491 ὑπὸ
530 1422 700 1509 Ῥωμαίων
714 1422 947 1509 ἀφῃρέθησαν·
966 1425 1075 1500 άλλως

74 1523 96 1588 δ’
119 1526 186 1594 οὔτ’
217 1532 360 1616 εἰρήνην
390 1531 465 1596 ούτε
491 1533 651 1615 φιλότητα
673 1532 812 1615 βεβαίαν
833 1527 994 1615 ὑπάρξειν
1016 1529 1073 1595 αὐ-

76 1644 140 1710 τοῖς·
161 1638 197 1702 τὸ
222 1638 291 1722 γάρ
314 1636 536 1721 ἀδικούμενον
556 1633 608 1701 ἀεὶ
625 1633 784 1720 πολέμιον
802 1630 887 1701 εἶναι
905 1643 951 1723 τῷ
969 1640 1074 1720 πλημ-

78 1743 211 1819 μελοῦντι
243 1744 355 1830 φύσει.
400 1742 517 1827 ἠξίουν
546 1767 579 1809 τε
610 1745 655 1828 μὴ
684 1751 884 1826 καταστῆσαι
914 1753 1001 1828 σφᾶς
1028 1745 1075 1821 είς

81 1841 203 1932 ἀνάγκην
227 1847 378 1934 πολέμου
400 1861 468 1916 τῶν
491 1851 631 1916 δικαίων
653 1849 950 1934 ἀποτυγχάνοντας.
1089 1870 1116 1910 ιο

127 1952 163 2019 Χ.
197 1953 257 2034 Ὡς
291 1952 329 2021 δὲ
355 1954 445 2022 ταῦτ’
475 1952 571 2022 είπον
598 1957 633 2022 οί
656 1954 824 2042 πρέσβεις,
855 1954 1074 2041 ἐβουλεύοντο

80 2060 142 2123 καιά
169 2072 256 2148 σφᾶς
285 2063 321 2129 οί
345 2065 501 2150 σύνεδροι
529 2063 809 2149 μεταστησάμενοι
835 2066 913 2140 τοὺς
939 2065 1075 2148 ἀνδρας,

41 2161 151 2230 λειλκαλί
137 2163 247 2254 ἐπειδὴ
269 2171 404 2255 ἔκριναν
418 2169 456 2248 ἃς
469 2172 532 2256 χρὴ
547 2169 735 2256 ἀποκρίσεις
746 2173 964 2255 ποιήσασθαι,
981 2168 1075 2234 καλέ-

83 2283 176 2350 σαντες
197 2276 323 2353 αύτοὺς
344 2276 445 2342 πάλιν
468 2273 520 2342 ἐπὶ
542 2277 604 2342 τὸν
625 2277 790 2359 σύλλογον
812 2276 935 2358 ταύτην
953 2276 1075 2340 ἔδοσαν

23 2427 24 2430 ¹
83 2374 127 2456 τάν
150 2363 329 2468 ἀπόφασιν.
380 2381 432 2447 Ού
459 2383 643 2448 λανθάνετε
670 2382 771 2466 ἡμᾶς,
800 2376 827 2446 ἀι
856 2380 1116 2464 ούολοῦσκοι,ιο

84 2487 174 2564 φιλίας
192 2485 255 2573 μὲν
270 2485 371 2554 οὐδὲν
387 2491 551 2573 δεόμενοι,
568 2491 737 2575 πρόφασιν
752 2485 782 2553 δ
799 2487 944 2573 εὐπρεπῆ
960 2488 1076 2571 λαβεῖν

85 2587 262 2677 βουλόμενοι
279 2606 340 2663 τοῦ
357 2594 514 2680 πολέμου.
547 2595 567 2661 δ
586 2597 649 2681 γὰρ
667 2596 760 2679 ἥκετε
778 2590 855 2680 παρ’
873 2592 967 2679 ἡμῶν
981 2591 1076 2658 ἀπαι-

87 2703 208 2786 τοῦντες,
225 2706 334 2780 καλῶς
352 2701 532 2768 ἐπίστασθε
551 2700 708 2768 ούδέποτε
727 2703 922 2787 ληψόμενοι·
944 2697 1075 2787 χρῄζετε

87 2798 132 2886 κὰρ
152 2803 276 2874 ἀδίκων
298 2831 334 2874 τε
356 2806 412 2874 καί
434 2807 619 2875 ἀδυνάτων.
655 2809 687 2873 εί
704 2803 765 2893 μὲν
784 2802 846 2874 οὖν
865 2809 980 2886 δόντες
996 2809 1111 2894 ἡμῑν2

89 2904 116 2967 λδ
138 2919 233 3000 χωρία
262 2917 373 2981 ἔπειτα
400 2914 583 3000 μεταδόξαν
609 2915 691 2999 ὑμῖν
712 2923 777 2981 νῦν
799 2913 978 2999 ἀπαιτεῖτε,
1005 2915 1076 2981 ἀδι-
1090 2935 1116 2976 ιε

143 3100 247 3177 δίωρρ
226 3106 403 3177 σάθησανΟ
428 3102 647 3195 ἐπερρώσθησαν
670 3104 855 3177 0.Kiess1ing
925 3112 941 3161 5
956 3103 1075 3175 Ράμην]

88 3159 245 3239 ΡωμαίονΒ
313 3180 500 3247 8φίλονς-
519 3176 722 3247 συμμάχουςΑ
789 3185 823 3234 10
841 3175 1003 3246 ἀπέφαινον
1021 3175 1076 3229 del.

94 3232 160 3297 ὓθδθά
148 3245 283 3320 Obs.p
287 3255 363 3305 ‚15‘1
438 3253 471 3302 14
495 3248 578 3317 φύσει
595 3247 621 3301 R
644 3251 731 3318 φασίν
755 3265 789 3304 ex
807 3247 918 3302 eorrB
989 3250 1024 3300 θλ
1047 3264 1076 3300 τε

93 3307 140 3368 add·
155 3316 174 3370 Β
243 3329 278 3376 25
301 3319 458 3391 μεταδόξαν
477 3268 516 3372 Βφ
523 3318 611 3386 δόξαν
629 3269 665 3372 R
679 3322 684 3388 λ
709 3321 760 3374 οὐκ
782 3320 930 3373 ἀδικεῖσθε
954 3314 1076 3371 Sintenis

132 3387 225 3449 Dion.
243 3393 284 3446 ΙΠ
302 3398 337 3446 14
360 3392 430 3446 dune
448 3390 578 3457 Reislzio¹
601 3389 780 3457 Kiesslingt
782 3386 939 3456 ransposito
959 3395 1011 3440 νῦν
1030 3404 1076 3442 vo-

95 3450 171 3514 eabulo
187 3466 283 3518 censet
301 3461 374 3517 εί-
390 3461 532 3524 δόντες-
550 3458 645 3514 ἔπειτα
664 3478 733 3528 μετα
697 3458 856 3521 τοιδόξανυ
804 3457 905 3523 νυμῖν
924 3456 996 3510 ἀπαι
965 3463 1076 3522 αιίτετε,
