<?xml version="1.0" encoding="UTF-8"?>
<!DOCTYPE html PUBLIC "-//W3C//DTD XHTML 1.0 Transitional//EN"
    "http://www.w3.org/TR/xhtml1/DTD/xhtml1-transitional.dtd">
<html xmlns="http://www.w3.org/1999/xhtml" xml:lang="en" lang="en">
 <head>
  <title>
</title>
<meta http-equiv="Content-Type" content="text/html;charset=utf-8" />
  <meta name='ocr-system' content='tesseract 3.04.00' />
  <meta name='ocr-capabilities' content='ocr_page ocr_carea ocr_par ocr_line ocrx_word'/>
</head>
<body>
  <div class='ocr_page' id='page_1' title='image "./antiquitatumrom02jacogoog_0067.png"; bbox 0 0 2496 3878; ppageno 0'>
   <div class='ocr_carea' id='block_1_1' title="bbox 125 384 1243 3014">
    <p class='ocr_par' dir='ltr' id='par_1_1' title="bbox 125 352 1243 3014">
     <span class='ocr_line' id='line_1_1' title="bbox 166 384 1189 477; baseline -0.009 -20"><span class='ocrx_word' id='word_1_1' title='bbox 166 390 264 477; x_wconf 90' lang='grc' dir='ltr'><strong><em>χάριν</em></strong></span> <span class='ocrx_word' id='word_1_2' title='bbox 292 390 421 466; x_wconf 75' lang='grc' dir='ltr'><strong><em>εἰδότας</em></strong></span> <span class='ocrx_word' id='word_1_3' title='bbox 447 395 517 466; x_wconf 90' lang='grc' dir='ltr'><strong><em>τοῖς</em></strong></span> <span class='ocrx_word' id='word_1_4' title='bbox 543 394 655 472; x_wconf 85' lang='grc' dir='ltr'><strong><em>θεοῖς,</em></strong></span> <span class='ocrx_word' id='word_1_5' title='bbox 682 387 733 454; x_wconf 83' lang='grc' dir='ltr'><strong><em>δτι</em></strong></span> <span class='ocrx_word' id='word_1_6' title='bbox 759 387 823 454; x_wconf 86' lang='grc' dir='ltr'><strong><em>οὐκ</em></strong></span> <span class='ocrx_word' id='word_1_7' title='bbox 849 392 966 452; x_wconf 74' lang='grc' dir='ltr'><strong><em>εἴασαν</em></strong></span> <span class='ocrx_word' id='word_1_8' title='bbox 993 384 1114 461; x_wconf 83' lang='grc' dir='ltr'><strong><em>αὐτοὺς</em></strong></span> <span class='ocrx_word' id='word_1_9' title='bbox 1143 384 1189 448; x_wconf 80' lang='grc' dir='ltr'><strong><em>τὰ</em></strong></span> 
     </span>
     <span class='ocr_line' id='line_1_2' title="bbox 166 489 1190 582; baseline -0.007 -20"><span class='ocrx_word' id='word_1_10' title='bbox 166 506 279 582; x_wconf 81' lang='grc' dir='ltr'><strong><em>πρῶτα</em></strong></span> <span class='ocrx_word' id='word_1_11' title='bbox 301 495 603 577; x_wconf 76' lang='grc' dir='ltr'><strong><em>πλεονεκτήσαντας</em></strong></span> <span class='ocrx_word' id='word_1_12' title='bbox 621 496 668 571; x_wconf 90' lang='grc' dir='ltr'><strong><em>είς</em></strong></span> <span class='ocrx_word' id='word_1_13' title='bbox 689 495 729 558; x_wconf 81' lang='grc' dir='ltr'><strong><em>τὰ</em></strong></span> <span class='ocrx_word' id='word_1_14' title='bbox 753 493 852 560; x_wconf 82' lang='grc' dir='ltr'><strong><em>λοιπὰ</em></strong></span> <span class='ocrx_word' id='word_1_15' title='bbox 876 501 1076 577; x_wconf 79' lang='grc' dir='ltr'><strong><em>σωφρονεῖν,</em></strong></span> <span class='ocrx_word' id='word_1_16' title='bbox 1098 489 1190 556; x_wconf 81' lang='grc' dir='ltr'><strong><em>ἀλλὰ</em></strong></span> 
     </span>
     <span class='ocr_line' id='line_1_3' title="bbox 166 595 1192 686; baseline -0.005 -19"><span class='ocrx_word' id='word_1_17' title='bbox 166 602 290 684; x_wconf 86' lang='grc' dir='ltr'><strong><em>ταύτην</em></strong></span> <span class='ocrx_word' id='word_1_18' title='bbox 310 599 469 686; x_wconf 77' lang='grc' dir='ltr'><strong><em>ἐνέβαλον</em></strong></span> <span class='ocrx_word' id='word_1_19' title='bbox 488 600 600 677; x_wconf 85' lang='grc' dir='ltr'><strong><em>αὐτοῖς</em></strong></span> <span class='ocrx_word' id='word_1_20' title='bbox 618 601 679 683; x_wconf 79' lang='grc' dir='ltr'><strong><em>τὴν</em></strong></span> <span class='ocrx_word' id='word_1_21' title='bbox 698 598 935 684; x_wconf 84' lang='grc' dir='ltr'><strong><em>ἀναισχυντίαν</em></strong></span> <span class='ocrx_word' id='word_1_22' title='bbox 954 595 1061 664; x_wconf 80' lang='grc' dir='ltr'><strong><em>τεκαὶ</em></strong></span> <span class='ocrx_word' id='word_1_23' title='bbox 1080 602 1192 662; x_wconf 89' lang='grc' dir='ltr'><strong><em>πολυ-</em></strong></span> 
     </span>
     <span class='ocr_line' id='line_1_4' title="bbox 166 672 1241 793; baseline -0.002 -21"><span class='ocrx_word' id='word_1_24' title='bbox 166 708 418 793; x_wconf 86' lang='grc' dir='ltr'><strong><em>πραγμοσύνην,</em></strong></span> <span class='ocrx_word' id='word_1_25' title='bbox 441 702 499 792; x_wconf 84' lang='grc' dir='ltr'><strong><em>ὑφ’</em></strong></span> <span class='ocrx_word' id='word_1_26' title='bbox 524 701 563 790; x_wconf 74' lang='grc' dir='ltr'><strong><em>ἧς</em></strong></span> <span class='ocrx_word' id='word_1_27' title='bbox 585 705 680 790; x_wconf 85' lang='grc' dir='ltr'><strong><em>ὑμεῖς</em></strong></span> <span class='ocrx_word' id='word_1_28' title='bbox 702 701 968 788; x_wconf 75' lang='grc' dir='ltr'><strong><em>ἀναγκασθέντες</em></strong></span> <span class='ocrx_word' id='word_1_29' title='bbox 990 703 1029 768; x_wconf 91' lang='grc' dir='ltr'><strong><em>τά</em></strong></span> <span class='ocrx_word' id='word_1_30' title='bbox 1050 701 1080 769; x_wconf 89' lang='grc' dir='ltr'><strong><em>τ’</em></strong></span> <span class='ocrx_word' id='word_1_31' title='bbox 1102 704 1194 770; x_wconf 85' lang='grc' dir='ltr'><strong><em>ἀπο·</em></strong></span> <span class='ocrx_word' id='word_1_32' title='bbox 1240 672 1241 760; x_wconf 68' lang='grc' dir='ltr'><strong><em>δ</em></strong></span> 
     </span>
     <span class='ocr_line' id='line_1_5' title="bbox 140 804 1194 899; baseline 0.001 -24"><span class='ocrx_word' id='word_1_33' title='bbox 140 834 153 875; x_wconf 87' lang='grc' dir='ltr'><strong><em>ι</em></strong></span> <span class='ocrx_word' id='word_1_34' title='bbox 168 817 296 880; x_wconf 91' lang='grc' dir='ltr'><strong><em>λωλότα</em></strong></span> <span class='ocrx_word' id='word_1_35' title='bbox 309 820 471 899; x_wconf 86' lang='grc' dir='ltr'><strong><em>πειρᾶσθε</em></strong></span> <span class='ocrx_word' id='word_1_36' title='bbox 485 811 678 897; x_wconf 74' lang='grc' dir='ltr'><strong><em>ἀναλαβεῖν,</em></strong></span> <span class='ocrx_word' id='word_1_37' title='bbox 690 809 799 877; x_wconf 79' lang='grc' dir='ltr'><strong><em>καὶτὰ</em></strong></span> <span class='ocrx_word' id='word_1_38' title='bbox 813 811 913 878; x_wconf 82' lang='grc' dir='ltr'><strong><em>λοιπά</em></strong></span> <span class='ocrx_word' id='word_1_39' title='bbox 927 807 971 874; x_wconf 91' lang='grc' dir='ltr'><strong><em>δι’</em></strong></span> <span class='ocrx_word' id='word_1_40' title='bbox 985 804 1024 893; x_wconf 74' lang='grc' dir='ltr'><strong><em>ἧς</em></strong></span> <span class='ocrx_word' id='word_1_41' title='bbox 1036 819 1194 894; x_wconf 83' lang='grc' dir='ltr'><strong><em>προσῆκε</em></strong></span> 
     </span>
     <span class='ocr_line' id='line_1_6' title="bbox 165 925 1242 1010; baseline -0.001 -23"><span class='ocrx_word' id='word_1_42' title='bbox 165 926 317 1006; x_wconf 82' lang='grc' dir='ltr'><strong><em>φυλακῆς</em></strong></span> <span class='ocrx_word' id='word_1_43' title='bbox 339 925 461 1005; x_wconf 79' lang='grc' dir='ltr'><strong><em>λαβεῖν.</em></strong></span> <span class='ocrx_word' id='word_1_44' title='bbox 1241 990 1242 1010; x_wconf 28' lang='grc' dir='ltr'><strong><em>ρ</em></strong></span> 
     </span>
     <span class='ocr_line' id='line_1_7' title="bbox 232 1013 1196 1110; baseline -0.002 -20"><span class='ocrx_word' id='word_1_45' title='bbox 232 1025 374 1090; x_wconf 88' lang='lat' dir='ltr'>XXIIII.</span> <span class='ocrx_word' id='word_1_46' title='bbox 398 1027 522 1110; x_wconf 87' lang='grc' dir='ltr'><strong><em>Καιρδς</em></strong></span> <span class='ocrx_word' id='word_1_47' title='bbox 541 1021 571 1090; x_wconf 91' lang='grc' dir='ltr'><strong><em>δ’</em></strong></span> <span class='ocrx_word' id='word_1_48' title='bbox 595 1024 612 1090; x_wconf 86' lang='grc' dir='ltr'>ὁ</span> <span class='ocrx_word' id='word_1_49' title='bbox 632 1024 748 1110; x_wconf 80' lang='grc' dir='ltr'><strong><em>παρὼν</em></strong></span> <span class='ocrx_word' id='word_1_50' title='bbox 771 1013 841 1100; x_wconf 75' lang='grc' dir='ltr'><strong><em>οἷος</em></strong></span> <span class='ocrx_word' id='word_1_51' title='bbox 864 1022 924 1108; x_wconf 84' lang='grc' dir='ltr'><strong><em>οὐχ</em></strong></span> <span class='ocrx_word' id='word_1_52' title='bbox 947 1020 1068 1108; x_wconf 81' lang='grc' dir='ltr'><strong><em>ἕτερος,</em></strong></span> <span class='ocrx_word' id='word_1_53' title='bbox 1090 1027 1196 1105; x_wconf 84' lang='grc' dir='ltr'><strong><em>είπερ</em></strong></span> 
     </span>
     <span class='ocr_line' id='line_1_8' title="bbox 166 1120 1197 1216; baseline -0.003 -20"><span class='ocrx_word' id='word_1_54' title='bbox 166 1128 197 1213; x_wconf 89' lang='grc' dir='ltr'><strong><em>γ’</em></strong></span> <span class='ocrx_word' id='word_1_55' title='bbox 219 1132 383 1215; x_wconf 76' lang='grc' dir='ltr'><strong><em>ἄρχεσθαι</em></strong></span> <span class='ocrx_word' id='word_1_56' title='bbox 400 1127 533 1214; x_wconf 76' lang='grc' dir='ltr'><strong><em>μέλλετε</em></strong></span> <span class='ocrx_word' id='word_1_57' title='bbox 551 1140 751 1215; x_wconf 72' lang='grc' dir='ltr'><strong><em>σωφρονεῖν,</em></strong></span> <span class='ocrx_word' id='word_1_58' title='bbox 770 1127 808 1193; x_wconf 86' lang='grc' dir='ltr'><strong><em>ἐν</em></strong></span> <span class='ocrx_word' id='word_1_59' title='bbox 826 1120 852 1216; x_wconf 69' lang='grc' dir='ltr'><strong><em>ηδ</em></strong></span> <span class='ocrx_word' id='word_1_60' title='bbox 872 1127 1051 1194; x_wconf 73' lang='grc' dir='ltr'><strong><em>κεκάκωται</em></strong></span> <span class='ocrx_word' id='word_1_61' title='bbox 1070 1127 1197 1194; x_wconf 78' lang='grc' dir='ltr'><strong><em>αὐτῶν</em></strong></span> 
     </span>
     <span class='ocr_line' id='line_1_9' title="bbox 166 1232 1198 1321; baseline 0 -21"><span class='ocrx_word' id='word_1_62' title='bbox 166 1237 203 1302; x_wconf 91' lang='grc' dir='ltr'><strong><em>τὸ</em></strong></span> <span class='ocrx_word' id='word_1_63' title='bbox 226 1239 381 1300; x_wconf 85' lang='grc' dir='ltr'><strong><em>πλεῖστον</em></strong></span> <span class='ocrx_word' id='word_1_64' title='bbox 404 1233 503 1321; x_wconf 81' lang='grc' dir='ltr'><strong><em>μέρος</em></strong></span> <span class='ocrx_word' id='word_1_65' title='bbox 523 1235 590 1301; x_wconf 85' lang='grc' dir='ltr'><strong><em>ὑπὸ</em></strong></span> <span class='ocrx_word' id='word_1_66' title='bbox 613 1243 674 1302; x_wconf 86' lang='grc' dir='ltr'><strong><em>τοῦ</em></strong></span> <span class='ocrx_word' id='word_1_67' title='bbox 696 1239 812 1319; x_wconf 88' lang='grc' dir='ltr'><strong><em>λιμοῦ,</em></strong></span> <span class='ocrx_word' id='word_1_68' title='bbox 839 1232 954 1300; x_wconf 79' lang='grc' dir='ltr'><strong><em>καὶτὸ</em></strong></span> <span class='ocrx_word' id='word_1_69' title='bbox 978 1235 1096 1299; x_wconf 86' lang='grc' dir='ltr'><strong><em>λοιπὸν</em></strong></span> <span class='ocrx_word' id='word_1_70' title='bbox 1120 1235 1198 1300; x_wconf 90' lang='grc' dir='ltr'><strong><em>οὐκ</em></strong></span> 
     </span>
     <span class='ocr_line' id='line_1_10' title="bbox 128 1336 1199 1427; baseline 0.004 -25"><span class='ocrx_word' id='word_1_71' title='bbox 128 1364 153 1403; x_wconf 80' lang='grc' dir='ltr'><strong><em>ιο</em></strong></span> <span class='ocrx_word' id='word_1_72' title='bbox 167 1340 208 1406; x_wconf 84' lang='grc' dir='ltr'><strong><em>ἀν</em></strong></span> <span class='ocrx_word' id='word_1_73' title='bbox 236 1342 284 1406; x_wconf 81' lang='grc' dir='ltr'><strong><em>ἐτι</em></strong></span> <span class='ocrx_word' id='word_1_74' title='bbox 312 1341 449 1408; x_wconf 87' lang='grc' dir='ltr'><strong><em>δύναιτο</em></strong></span> <span class='ocrx_word' id='word_1_75' title='bbox 477 1343 584 1407; x_wconf 87' lang='grc' dir='ltr'><strong><em>πολὺν</em></strong></span> <span class='ocrx_word' id='word_1_76' title='bbox 611 1341 779 1427; x_wconf 81' lang='grc' dir='ltr'><strong><em>ἀντισχεῖν</em></strong></span> <span class='ocrx_word' id='word_1_77' title='bbox 802 1343 926 1427; x_wconf 85' lang='grc' dir='ltr'><strong><em>χρόνον</em></strong></span> <span class='ocrx_word' id='word_1_78' title='bbox 952 1336 1008 1404; x_wconf 82' lang='grc' dir='ltr'><strong><em>ὑπ’</em></strong></span> <span class='ocrx_word' id='word_1_79' title='bbox 1036 1338 1199 1426; x_wconf 87' lang='grc' dir='ltr'><strong><em>ἀχρημα-</em></strong></span> 
     </span>
     <span class='ocr_line' id='line_1_11' title="bbox 166 1444 1199 1534; baseline -0.001 -22"><span class='ocrx_word' id='word_1_80' title='bbox 166 1451 256 1532; x_wconf 86' lang='grc' dir='ltr'><strong><em>τίας,</em></strong></span> <span class='ocrx_word' id='word_1_81' title='bbox 292 1450 324 1513; x_wconf 86' lang='grc' dir='ltr'><strong><em>εί</em></strong></span> <span class='ocrx_word' id='word_1_82' title='bbox 359 1451 520 1526; x_wconf 81' lang='grc' dir='ltr'><strong><em>σπανίους</em></strong></span> <span class='ocrx_word' id='word_1_83' title='bbox 554 1470 589 1512; x_wconf 87' lang='grc' dir='ltr'><strong><em>τε</em></strong></span> <span class='ocrx_word' id='word_1_84' title='bbox 623 1444 678 1512; x_wconf 79' lang='grc' dir='ltr'><strong><em>καὶ</em></strong></span> <span class='ocrx_word' id='word_1_85' title='bbox 709 1450 818 1531; x_wconf 88' lang='grc' dir='ltr'><strong><em>τιμίας</em></strong></span> <span class='ocrx_word' id='word_1_86' title='bbox 856 1448 925 1534; x_wconf 86' lang='grc' dir='ltr'><strong><em>ἐχοι</em></strong></span> <span class='ocrx_word' id='word_1_87' title='bbox 956 1447 1014 1523; x_wconf 85' lang='grc' dir='ltr'><strong><em>τάς</em></strong></span> <span class='ocrx_word' id='word_1_88' title='bbox 1046 1445 1199 1532; x_wconf 89' lang='grc' dir='ltr'><strong><em>ἀγοράς·</em></strong></span> 
     </span>
     <span class='ocr_line' id='line_1_12' title="bbox 167 1549 1243 1639; baseline 0.003 -20"><span class='ocrx_word' id='word_1_89' title='bbox 167 1553 480 1638; x_wconf 74' lang='grc' dir='ltr'><strong><em>ἀναγκασθήσονται</em></strong></span> <span class='ocrx_word' id='word_1_90' title='bbox 508 1549 538 1619; x_wconf 88' lang='grc' dir='ltr'><strong><em>δ’</em></strong></span> <span class='ocrx_word' id='word_1_91' title='bbox 566 1553 601 1620; x_wconf 79' lang='lat' dir='ltr'><strong><em>oc</em></strong></span> <span class='ocrx_word' id='word_1_92' title='bbox 626 1549 687 1637; x_wconf 72' lang='grc' dir='ltr'><strong><em>μὲν</em></strong></span> <span class='ocrx_word' id='word_1_93' title='bbox 710 1553 859 1620; x_wconf 90' lang='grc' dir='ltr'><strong><em>κάκιστοι</em></strong></span> <span class='ocrx_word' id='word_1_94' title='bbox 882 1550 937 1618; x_wconf 79' lang='grc' dir='ltr'><strong><em>καὶ</em></strong></span> <span class='ocrx_word' id='word_1_95' title='bbox 960 1549 1120 1618; x_wconf 78' lang='grc' dir='ltr'><strong><em>οὐδέποτε</em></strong></span> <span class='ocrx_word' id='word_1_96' title='bbox 1151 1563 1243 1639; x_wconf 71' lang='grc' dir='ltr'><strong><em>τῇλσ</em></strong></span> 
     </span>
     <span class='ocr_line' id='line_1_13' title="bbox 167 1655 1206 1746; baseline 0 -22"><span class='ocrx_word' id='word_1_97' title='bbox 167 1658 400 1746; x_wconf 84' lang='grc' dir='ltr'><strong><em>ἀριστοκρατίᾳ</em></strong></span> <span class='ocrx_word' id='word_1_98' title='bbox 422 1664 592 1744; x_wconf 89' lang='grc' dir='ltr'><strong><em>χαίροντες</em></strong></span> <span class='ocrx_word' id='word_1_99' title='bbox 616 1659 761 1726; x_wconf 78' lang='grc' dir='ltr'><strong><em>ἐκλιπεῖν</em></strong></span> <span class='ocrx_word' id='word_1_100' title='bbox 783 1660 845 1743; x_wconf 81' lang='grc' dir='ltr'><strong><em>την</em></strong></span> <span class='ocrx_word' id='word_1_101' title='bbox 868 1662 978 1742; x_wconf 91' lang='grc' dir='ltr'><strong><em>πόλιν,</em></strong></span> <span class='ocrx_word' id='word_1_102' title='bbox 1001 1659 1037 1723; x_wconf 86' lang='grc' dir='ltr'><strong><em>οί</em></strong></span> <span class='ocrx_word' id='word_1_103' title='bbox 1057 1655 1087 1722; x_wconf 84' lang='grc' dir='ltr'><strong><em>δ’</em></strong></span> <span class='ocrx_word' id='word_1_104' title='bbox 1115 1657 1206 1724; x_wconf 89' lang='grc' dir='ltr'><strong><em>ἐπι-</em></strong></span> 
     </span>
     <span class='ocr_line' id='line_1_14' title="bbox 166 1761 1207 1853; baseline 0.001 -23"><span class='ocrx_word' id='word_1_105' title='bbox 166 1763 345 1853; x_wconf 81' lang='grc' dir='ltr'><strong><em>εικέστεροι</em></strong></span> <span class='ocrx_word' id='word_1_106' title='bbox 357 1766 593 1831; x_wconf 85' lang='grc' dir='ltr'><strong><em>πολιτεύεσθαι</em></strong></span> <span class='ocrx_word' id='word_1_107' title='bbox 611 1769 756 1851; x_wconf 85' lang='grc' dir='ltr'><strong><em>κοσμίως</em></strong></span> <span class='ocrx_word' id='word_1_108' title='bbox 773 1761 882 1852; x_wconf 72' lang='grc' dir='ltr'><strong><em>μηθὲν</em></strong></span> <span class='ocrx_word' id='word_1_109' title='bbox 901 1768 949 1832; x_wconf 80' lang='grc' dir='ltr'><strong><em>ἔτι</em></strong></span> <span class='ocrx_word' id='word_1_110' title='bbox 968 1764 1207 1851; x_wconf 79' lang='grc' dir='ltr'><strong><em>ἐνοχλοῦντες</em></strong></span> 
     </span>
     <span class='ocr_line' id='line_1_15' title="bbox 127 1853 1207 1967; baseline 0 -31"><span class='ocrx_word' id='word_1_111' title='bbox 127 1853 257 1967; x_wconf 57' lang='grc' dir='ltr'><strong><em>Ξὺμῖν.</em></strong></span> <span class='ocrx_word' id='word_1_112' title='bbox 292 1871 350 1948; x_wconf 92' lang='grc' dir='ltr'><strong><em>τάς</em></strong></span> <span class='ocrx_word' id='word_1_113' title='bbox 371 1868 400 1935; x_wconf 88' lang='grc' dir='ltr'><strong><em>τ’</em></strong></span> <span class='ocrx_word' id='word_1_114' title='bbox 428 1866 490 1937; x_wconf 87' lang='grc' dir='ltr'><strong><em>οὖν</em></strong></span> <span class='ocrx_word' id='word_1_115' title='bbox 513 1870 637 1957; x_wconf 83' lang='grc' dir='ltr'><strong><em>ἀγοράς</em></strong></span> <span class='ocrx_word' id='word_1_116' title='bbox 667 1873 722 1937; x_wconf 82' lang='grc' dir='ltr'><strong><em>διδ</em></strong></span> <span class='ocrx_word' id='word_1_117' title='bbox 745 1875 895 1956; x_wconf 82' lang='grc' dir='ltr'><strong><em>φυλακῆς</em></strong></span> <span class='ocrx_word' id='word_1_118' title='bbox 917 1874 1021 1958; x_wconf 87' lang='grc' dir='ltr'><strong><em>ἐχετε,</em></strong></span> <span class='ocrx_word' id='word_1_119' title='bbox 1048 1869 1104 1935; x_wconf 76' lang='grc' dir='ltr'><strong><em>καὶ</em></strong></span> <span class='ocrx_word' id='word_1_120' title='bbox 1130 1881 1207 1956; x_wconf 83' lang='grc' dir='ltr'><strong><em>τῆς</em></strong></span> 
     </span>
     <span class='ocr_line' id='line_1_16' title="bbox 166 1974 1207 2062; baseline 0.004 -20"><span class='ocrx_word' id='word_1_121' title='bbox 166 1985 262 2061; x_wconf 79' lang='grc' dir='ltr'><strong><em>τιμῆς</em></strong></span> <span class='ocrx_word' id='word_1_122' title='bbox 287 1987 354 2043; x_wconf 82' lang='grc' dir='ltr'><strong><em>τῶν</em></strong></span> <span class='ocrx_word' id='word_1_123' title='bbox 382 1979 493 2044; x_wconf 83' lang='grc' dir='ltr'><strong><em>ὠνίων</em></strong></span> <span class='ocrx_word' id='word_1_124' title='bbox 520 1974 629 2061; x_wconf 67' lang='grc' dir='ltr'><strong><em>μηθὲν</em></strong></span> <span class='ocrx_word' id='word_1_125' title='bbox 656 1977 781 2062; x_wconf 87' lang='grc' dir='ltr'><strong><em>ἀνίετε,</em></strong></span> <span class='ocrx_word' id='word_1_126' title='bbox 811 1975 884 2044; x_wconf 84' lang='grc' dir='ltr'><strong><em>ἀλλ’</em></strong></span> <span class='ocrx_word' id='word_1_127' title='bbox 915 1978 997 2044; x_wconf 83' lang='grc' dir='ltr'><strong><em>ὅσου</em></strong></span> <span class='ocrx_word' id='word_1_128' title='bbox 1024 1980 1207 2046; x_wconf 79' lang='grc' dir='ltr'><strong><em>πλείστου</em></strong></span> 
     </span>
     <span class='ocr_line' id='line_1_17' title="bbox 153 2076 1208 2170; baseline 0.002 -22"><span class='ocrx_word' id='word_1_129' title='bbox 153 2076 245 2150; x_wconf 79' lang='grc' dir='ltr'><strong><em>Ιποτδ</em></strong></span> <span class='ocrx_word' id='word_1_130' title='bbox 263 2077 307 2167; x_wconf 73' lang='grc' dir='ltr'><strong><em>ην</em></strong></span> <span class='ocrx_word' id='word_1_131' title='bbox 325 2084 365 2148; x_wconf 83' lang='grc' dir='ltr'><strong><em>τά</em></strong></span> <span class='ocrx_word' id='word_1_132' title='bbox 384 2085 477 2168; x_wconf 80' lang='grc' dir='ltr'><strong><em>ὥνια,</em></strong></span> <span class='ocrx_word' id='word_1_133' title='bbox 496 2085 657 2150; x_wconf 79' lang='grc' dir='ltr'><strong><em>τοσούτου</em></strong></span> <span class='ocrx_word' id='word_1_134' title='bbox 675 2083 730 2150; x_wconf 79' lang='grc' dir='ltr'><strong><em>καὶ</em></strong></span> <span class='ocrx_word' id='word_1_135' title='bbox 748 2093 813 2150; x_wconf 84' lang='grc' dir='ltr'><strong><em>νῦν</em></strong></span> <span class='ocrx_word' id='word_1_136' title='bbox 832 2083 915 2149; x_wconf 86' lang='grc' dir='ltr'><strong><em>αὐτδι</em></strong></span> <span class='ocrx_word' id='word_1_137' title='bbox 932 2089 1057 2150; x_wconf 77' lang='grc' dir='ltr'><strong><em>πωλεῖν</em></strong></span> <span class='ocrx_word' id='word_1_138' title='bbox 1077 2090 1208 2170; x_wconf 78' lang='grc' dir='ltr'><strong><em>ψηφί-</em></strong></span> 
     </span>
     <span class='ocr_line' id='line_1_18' title="bbox 168 2187 1210 2276; baseline 0.004 -23"><span class='ocrx_word' id='word_1_139' title='bbox 168 2195 273 2256; x_wconf 86' lang='grc' dir='ltr'><strong><em>σασθε</em></strong></span> <span class='ocrx_word' id='word_1_140' title='bbox 293 2191 422 2268; x_wconf 77' lang='grc' dir='ltr'><strong><em>δικαίας</em></strong></span> <span class='ocrx_word' id='word_1_141' title='bbox 440 2189 592 2275; x_wconf 81' lang='grc' dir='ltr'><strong><em>ἀφορμάς</em></strong></span> <span class='ocrx_word' id='word_1_142' title='bbox 610 2193 740 2276; x_wconf 78' lang='grc' dir='ltr'><strong><em>ἔχοντες</em></strong></span> <span class='ocrx_word' id='word_1_143' title='bbox 753 2187 808 2255; x_wconf 82' lang='grc' dir='ltr'><strong><em>καλ</em></strong></span> <span class='ocrx_word' id='word_1_144' title='bbox 826 2190 1008 2275; x_wconf 81' lang='grc' dir='ltr'><strong><em>προφάσεις</em></strong></span> <span class='ocrx_word' id='word_1_145' title='bbox 1022 2188 1210 2272; x_wconf 81' lang='grc' dir='ltr'><strong><em>εὐλόγους</em></strong></span> 
     </span>
     <span class='ocr_line' id='line_1_19' title="bbox 166 2292 1210 2382; baseline 0.005 -23"><span class='ocrx_word' id='word_1_146' title='bbox 166 2298 227 2379; x_wconf 84' lang='grc' dir='ltr'><strong><em>τήν</em></strong></span> <span class='ocrx_word' id='word_1_147' title='bbox 250 2292 279 2359; x_wconf 90' lang='grc' dir='ltr'><strong><em>τ’</em></strong></span> <span class='ocrx_word' id='word_1_148' title='bbox 305 2293 485 2382; x_wconf 81' lang='grc' dir='ltr'><strong><em>ἀχάριστον</em></strong></span> <span class='ocrx_word' id='word_1_149' title='bbox 507 2305 568 2363; x_wconf 85' lang='grc' dir='ltr'><strong><em>τοῦ</em></strong></span> <span class='ocrx_word' id='word_1_150' title='bbox 592 2297 699 2380; x_wconf 75' lang='grc' dir='ltr'><strong><em>δήμου</em></strong></span> <span class='ocrx_word' id='word_1_151' title='bbox 722 2297 905 2378; x_wconf 77' lang='grc' dir='ltr'><strong><em>καταβοήν,</em></strong></span> <span class='ocrx_word' id='word_1_152' title='bbox 936 2295 981 2371; x_wconf 83' lang='grc' dir='ltr'><strong><em>ὡς</em></strong></span> <span class='ocrx_word' id='word_1_153' title='bbox 1002 2292 1059 2379; x_wconf 83' lang='grc' dir='ltr'><strong><em>ὑφ’</em></strong></span> <span class='ocrx_word' id='word_1_154' title='bbox 1086 2294 1210 2379; x_wconf 80' lang='grc' dir='ltr'><strong><em>ἡμῶν</em></strong></span> 
     </span>
     <span class='ocr_line' id='line_1_20' title="bbox 127 2399 1212 2486; baseline 0.006 -22"><span class='ocrx_word' id='word_1_155' title='bbox 127 2424 154 2464; x_wconf 84' lang='grc' dir='ltr'><strong><em>εο</em></strong></span> <span class='ocrx_word' id='word_1_156' title='bbox 167 2405 488 2486; x_wconf 83' lang='grc' dir='ltr'><strong><em>κατασκευασθείσης</em></strong></span> <span class='ocrx_word' id='word_1_157' title='bbox 509 2411 567 2485; x_wconf 80' lang='grc' dir='ltr'><strong><em>τῆς</em></strong></span> <span class='ocrx_word' id='word_1_158' title='bbox 590 2403 768 2484; x_wconf 79' lang='grc' dir='ltr'><strong><em>σιτοδείας,</em></strong></span> <span class='ocrx_word' id='word_1_159' title='bbox 792 2400 813 2484; x_wconf 78' lang='grc' dir='ltr'>ἣ</span> <span class='ocrx_word' id='word_1_160' title='bbox 836 2401 893 2466; x_wconf 91' lang='grc' dir='ltr'><strong><em>διδι</em></strong></span> <span class='ocrx_word' id='word_1_161' title='bbox 915 2402 977 2484; x_wconf 77' lang='grc' dir='ltr'><strong><em>τὴν</em></strong></span> <span class='ocrx_word' id='word_1_162' title='bbox 1000 2399 1212 2471; x_wconf 84' lang='grc' dir='ltr'><strong><em>ἀπόστασιν</em></strong></span> 
     </span>
     <span class='ocr_line' id='line_1_21' title="bbox 166 2504 1217 2595; baseline 0 -21"><span class='ocrx_word' id='word_1_163' title='bbox 166 2510 227 2592; x_wconf 76' lang='grc' dir='ltr'><strong><em>τὴν</em></strong></span> <span class='ocrx_word' id='word_1_164' title='bbox 251 2507 387 2574; x_wconf 80' lang='grc' dir='ltr'><strong><em>ἐκείνων</em></strong></span> <span class='ocrx_word' id='word_1_165' title='bbox 416 2507 545 2592; x_wconf 85' lang='grc' dir='ltr'><strong><em>ἐγίνετο</em></strong></span> <span class='ocrx_word' id='word_1_166' title='bbox 572 2505 627 2573; x_wconf 78' lang='grc' dir='ltr'><strong><em>καὶ</em></strong></span> <span class='ocrx_word' id='word_1_167' title='bbox 654 2507 716 2591; x_wconf 77' lang='grc' dir='ltr'><strong><em>τὴν</em></strong></span> <span class='ocrx_word' id='word_1_168' title='bbox 744 2507 979 2591; x_wconf 88' lang='grc' dir='ltr'><strong><em>καταφθοράν,</em></strong></span> <span class='ocrx_word' id='word_1_169' title='bbox 1005 2506 1048 2590; x_wconf 80' lang='grc' dir='ltr'><strong><em>ἣν</em></strong></span> <span class='ocrx_word' id='word_1_170' title='bbox 1070 2504 1217 2595; x_wconf 85' lang='grc' dir='ltr'><strong><em>ἐποιή-</em></strong></span> 
     </span>
     <span class='ocr_line' id='line_1_22' title="bbox 167 2610 1216 2704; baseline 0.004 -28"><span class='ocrx_word' id='word_1_171' title='bbox 167 2629 283 2696; x_wconf 88' lang='grc' dir='ltr'><strong><em>σαντο,</em></strong></span> <span class='ocrx_word' id='word_1_172' title='bbox 311 2624 368 2697; x_wconf 81' lang='grc' dir='ltr'><strong><em>τῆς</em></strong></span> <span class='ocrx_word' id='word_1_173' title='bbox 394 2623 470 2697; x_wconf 82' lang='grc' dir='ltr'><strong><em>γῆς,</em></strong></span> <span class='ocrx_word' id='word_1_174' title='bbox 499 2616 635 2697; x_wconf 88' lang='grc' dir='ltr'><strong><em>άγοντες</em></strong></span> <span class='ocrx_word' id='word_1_175' title='bbox 663 2612 767 2696; x_wconf 77' lang='grc' dir='ltr'><strong><em>αὐτὴν</em></strong></span> <span class='ocrx_word' id='word_1_176' title='bbox 793 2611 850 2678; x_wconf 80' lang='grc' dir='ltr'><strong><em>καὶ</em></strong></span> <span class='ocrx_word' id='word_1_177' title='bbox 881 2610 1038 2699; x_wconf 78' lang='grc' dir='ltr'><strong><em>φέροντες</em></strong></span> <span class='ocrx_word' id='word_1_178' title='bbox 1070 2611 1216 2704; x_wconf 76' lang='grc' dir='ltr'><strong><em>ὥσπερ</em></strong></span> 
     </span>
     <span class='ocr_line' id='line_1_23' title="bbox 166 2716 1220 2804; baseline 0.006 -22"><span class='ocrx_word' id='word_1_179' title='bbox 166 2721 344 2802; x_wconf 86' lang='grc' dir='ltr'><strong><em>πολεμίαν,</em></strong></span> <span class='ocrx_word' id='word_1_180' title='bbox 371 2716 426 2782; x_wconf 80' lang='grc' dir='ltr'><strong><em>καὶ</em></strong></span> <span class='ocrx_word' id='word_1_181' title='bbox 452 2719 509 2795; x_wconf 84' lang='grc' dir='ltr'><strong><em>τὰς</em></strong></span> <span class='ocrx_word' id='word_1_182' title='bbox 537 2717 762 2804; x_wconf 80' lang='grc' dir='ltr'><strong><em>ἐξαιρεθείσας</em></strong></span> <span class='ocrx_word' id='word_1_183' title='bbox 791 2717 828 2784; x_wconf 86' lang='grc' dir='ltr'><strong><em>ἐκ</em></strong></span> <span class='ocrx_word' id='word_1_184' title='bbox 854 2727 915 2786; x_wconf 83' lang='grc' dir='ltr'><strong><em>τοῦ</em></strong></span> <span class='ocrx_word' id='word_1_185' title='bbox 938 2720 1102 2803; x_wconf 86' lang='grc' dir='ltr'><strong><em>δημοσίου</em></strong></span> <span class='ocrx_word' id='word_1_186' title='bbox 1129 2720 1220 2788; x_wconf 82' lang='grc' dir='ltr'><strong><em>δα-</em></strong></span> 
     </span>
     <span class='ocr_line' id='line_1_24' title="bbox 166 2821 1220 2915; baseline 0.005 -28"><span class='ocrx_word' id='word_1_187' title='bbox 166 2823 272 2898; x_wconf 92' lang='grc' dir='ltr'><strong><em>πάνας</em></strong></span> <span class='ocrx_word' id='word_1_188' title='bbox 290 2825 337 2900; x_wconf 88' lang='grc' dir='ltr'><strong><em>είς</em></strong></span> <span class='ocrx_word' id='word_1_189' title='bbox 356 2826 434 2900; x_wconf 86' lang='grc' dir='ltr'><strong><em>τοὺς</em></strong></span> <span class='ocrx_word' id='word_1_190' title='bbox 455 2821 699 2900; x_wconf 84' lang='grc' dir='ltr'><strong><em>ἀποσταλέντας</em></strong></span> <span class='ocrx_word' id='word_1_191' title='bbox 717 2821 770 2889; x_wconf 84' lang='grc' dir='ltr'><strong><em>ἐπὶ</em></strong></span> <span class='ocrx_word' id='word_1_192' title='bbox 788 2825 849 2906; x_wconf 80' lang='grc' dir='ltr'><strong><em>τὴν</em></strong></span> <span class='ocrx_word' id='word_1_193' title='bbox 869 2828 1026 2890; x_wconf 85' lang='grc' dir='ltr'><strong><em>σιτωνίαν</em></strong></span> <span class='ocrx_word' id='word_1_194' title='bbox 1043 2825 1220 2915; x_wconf 82' lang='grc' dir='ltr'><strong><em>ἀνδρας,</em></strong></span> 
     </span>
     <span class='ocr_line' id='line_1_25' title="bbox 125 2925 1222 3014; baseline 0.009 -22"><span class='ocrx_word' id='word_1_195' title='bbox 125 2927 223 2994; x_wconf 78' lang='grc' dir='ltr'><strong><em>τεκαὶ</em></strong></span> <span class='ocrx_word' id='word_1_196' title='bbox 246 2929 330 2995; x_wconf 87' lang='grc' dir='ltr'><strong><em>ἀλλα</em></strong></span> <span class='ocrx_word' id='word_1_197' title='bbox 352 2929 459 2995; x_wconf 89' lang='grc' dir='ltr'><strong><em>πολλά</em></strong></span> <span class='ocrx_word' id='word_1_198' title='bbox 481 2925 560 3013; x_wconf 89' lang='grc' dir='ltr'><strong><em>τιν’,</em></strong></span> <span class='ocrx_word' id='word_1_199' title='bbox 584 2929 604 2994; x_wconf 80' lang='grc' dir='ltr'><em>ἃ</em></span> <span class='ocrx_word' id='word_1_200' title='bbox 627 2929 789 3014; x_wconf 78' lang='grc' dir='ltr'><strong><em>ἠδίκησθε</em></strong></span> <span class='ocrx_word' id='word_1_201' title='bbox 812 2927 867 2996; x_wconf 82' lang='grc' dir='ltr'><strong><em>ὑπ’</em></strong></span> <span class='ocrx_word' id='word_1_202' title='bbox 895 2930 1016 2998; x_wconf 78' lang='grc' dir='ltr'><strong><em>αὐτῶν</em></strong></span> <span class='ocrx_word' id='word_1_203' title='bbox 1047 2932 1106 2997; x_wconf 86' lang='grc' dir='ltr'><strong><em>ίνα</em></strong></span> <span class='ocrx_word' id='word_1_204' title='bbox 1132 2935 1222 3002; x_wconf 81' lang='grc' dir='ltr'><strong><em>καὶ</em></strong></span> 
     </span>
    </p>
   </div>
   <div class='ocr_carea' id='block_1_2' title="bbox 166 229 753 296">
    <p class='ocr_par' dir='ltr' id='par_1_2' title="bbox 166 229 753 296">
     <span class='ocr_line' id='line_1_26' title="bbox 166 229 753 296; baseline 0.003 -2"><span class='ocrx_word' id='word_1_205' title='bbox 166 229 209 296; x_wconf 84' lang='lat'><strong><em>38</em></strong></span> <span class='ocrx_word' id='word_1_206' title='bbox 590 229 753 280; x_wconf 85' lang='lat' dir='ltr'>-..z-</span> 
     </span>
    </p>
   </div>
   <div class='ocr_carea' id='block_1_3' title="bbox 162 3168 1226 3528">
    <p class='ocr_par' dir='ltr' id='par_1_3' title="bbox 162 3168 1226 3528">
     <span class='ocr_line' id='line_1_27' title="bbox 238 3168 1223 3262; baseline 0.001 -15"><span class='ocrx_word' id='word_1_207' title='bbox 238 3197 253 3247; x_wconf 88' lang='lat'><strong>8</strong></span> <span class='ocrx_word' id='word_1_208' title='bbox 291 3194 421 3249; x_wconf 72' lang='lat' dir='ltr'><strong>eom.A</strong></span> <span class='ocrx_word' id='word_1_209' title='bbox 477 3197 510 3246; x_wconf 88' lang='grc'><strong><em>10</em></strong></span> <span class='ocrx_word' id='word_1_210' title='bbox 529 3193 632 3248; x_wconf 85' lang='grc' dir='ltr'><strong><em>δοῦναι</em></strong></span> <span class='ocrx_word' id='word_1_211' title='bbox 649 3191 724 3248; x_wconf 85' lang='grc' dir='ltr'><strong><em>τδΑ</em></strong></span> <span class='ocrx_word' id='word_1_212' title='bbox 785 3198 817 3246; x_wconf 88' lang='grc'><strong><em>11</em></strong></span> <span class='ocrx_word' id='word_1_213' title='bbox 838 3168 1044 3248; x_wconf 73' lang='grc' dir='ltr'><strong><em>είάπανίουσἈ</em></strong></span> <span class='ocrx_word' id='word_1_214' title='bbox 1063 3187 1223 3262; x_wconf 60' lang='lat' dir='ltr'><strong><em>&amp;Illumne-</em></strong></span> 
     </span>
     <span class='ocr_line' id='line_1_28' title="bbox 165 3261 1225 3335; baseline -0.006 -17"><span class='ocrx_word' id='word_1_215' title='bbox 165 3263 244 3327; x_wconf 85' lang='grc' dir='ltr'><strong><em>νίους</em></strong></span> <span class='ocrx_word' id='word_1_216' title='bbox 358 3271 391 3319; x_wconf 84' lang='grc'><strong><em>13</em></strong></span> <span class='ocrx_word' id='word_1_217' title='bbox 410 3261 596 3335; x_wconf 87' lang='grc' dir='ltr'><strong><em>χ&lt;αί&gt;ροντες</em></strong></span> <span class='ocrx_word' id='word_1_218' title='bbox 614 3264 637 3317; x_wconf 95' lang='grc' dir='ltr'>Β</span> <span class='ocrx_word' id='word_1_219' title='bbox 715 3267 747 3316; x_wconf 80' lang='grc'><strong><em>15</em></strong></span> <span class='ocrx_word' id='word_1_220' title='bbox 766 3262 816 3326; x_wconf 86' lang='grc' dir='ltr'><strong><em>τδις</em></strong></span> <span class='ocrx_word' id='word_1_221' title='bbox 833 3271 902 3332; x_wconf 83' lang='grc' dir='ltr'><strong><em>γοῦν</em></strong></span> <span class='ocrx_word' id='word_1_222' title='bbox 921 3262 1026 3332; x_wconf 83' lang='grc' dir='ltr'><strong><em>ἀγορὰς</em></strong></span> <span class='ocrx_word' id='word_1_223' title='bbox 1043 3279 1066 3318; x_wconf 87' lang='grc' dir='ltr'><strong><em>ο.</em></strong></span> <span class='ocrx_word' id='word_1_224' title='bbox 1085 3263 1225 3322; x_wconf 71' lang='lat' dir='ltr'>Kiess.</span> 
     </span>
     <span class='ocr_line' id='line_1_29' title="bbox 167 3333 1226 3403; baseline 0.007 -16"><span class='ocrx_word' id='word_1_225' title='bbox 167 3333 227 3403; x_wconf 83' lang='lat' dir='ltr'><strong>ling</strong></span> <span class='ocrx_word' id='word_1_226' title='bbox 300 3340 333 3388; x_wconf 77' lang='lat'><strong><em>17</em></strong></span> <span class='ocrx_word' id='word_1_227' title='bbox 352 3334 560 3403; x_wconf 82' lang='grc' dir='ltr'><strong><em>ψηφίσεσθεΑ</em></strong></span> <span class='ocrx_word' id='word_1_228' title='bbox 632 3339 667 3390; x_wconf 77' lang='grc'><strong><em>25</em></strong></span> <span class='ocrx_word' id='word_1_229' title='bbox 685 3333 784 3388; x_wconf 85' lang='grc' dir='ltr'><strong><em>*ἀλλα</em></strong></span> <span class='ocrx_word' id='word_1_230' title='bbox 802 3333 891 3388; x_wconf 82' lang='grc' dir='ltr'><strong><em>πολλὰ</em></strong></span> <span class='ocrx_word' id='word_1_231' title='bbox 908 3333 1047 3402; x_wconf 79' lang='grc' dir='ltr'><strong><em>ἠδίκησθε</em></strong></span> <span class='ocrx_word' id='word_1_232' title='bbox 1068 3339 1091 3388; x_wconf 76' lang='grc' dir='ltr'><strong>Α</strong></span> <span class='ocrx_word' id='word_1_233' title='bbox 1116 3336 1226 3395; x_wconf 79' lang='grc' dir='ltr'><strong><em>ἄλλά</em></strong></span> 
     </span>
     <span class='ocr_line' id='line_1_30' title="bbox 162 3403 1224 3528; baseline 0.005 -70"><span class='ocrx_word' id='word_1_234' title='bbox 162 3424 231 3458; x_wconf 57' lang='grc' dir='ltr'><strong><em>’τινα</em></strong></span> <span class='ocrx_word' id='word_1_235' title='bbox 249 3403 471 3528; x_wconf 54' lang='grc' dir='ltr'><strong><em>ἡδικηθ&lt;αιέΒ</em></strong></span> <span class='ocrx_word' id='word_1_236' title='bbox 499 3405 569 3460; x_wconf 81' lang='grc' dir='ltr'><strong><em>ἀλλα</em></strong></span> <span class='ocrx_word' id='word_1_237' title='bbox 586 3403 675 3460; x_wconf 88' lang='grc' dir='ltr'><strong><em>πολλά</em></strong></span> <span class='ocrx_word' id='word_1_238' title='bbox 693 3403 748 3459; x_wconf 80' lang='grc' dir='ltr'><strong><em>τιν’</em></strong></span> <span class='ocrx_word' id='word_1_239' title='bbox 770 3404 945 3474; x_wconf 75' lang='grc' dir='ltr'><strong><em>διήδίκησθε</em></strong></span> <span class='ocrx_word' id='word_1_240' title='bbox 965 3420 1018 3474; x_wconf 80' lang='lat' dir='ltr'><strong><em>ego</em></strong></span> <span class='ocrx_word' id='word_1_241' title='bbox 1047 3408 1052 3474; x_wconf 92' lang='grc' dir='ltr'>Ι</span> <span class='ocrx_word' id='word_1_242' title='bbox 1077 3405 1133 3459; x_wconf 72' lang='grc' dir='ltr'><strong><em>ἵνα</em></strong></span> <span class='ocrx_word' id='word_1_243' title='bbox 1164 3412 1224 3482; x_wconf 79' lang='grc' dir='ltr'><strong><em>δὴ</em></strong></span> 
     </span>
    </p>
   </div>
   <div class='ocr_carea' id='block_1_4' title="bbox 163 3473 508 3545">
    <p class='ocr_par' dir='ltr' id='par_1_4' title="bbox 163 3473 508 3545">
     <span class='ocr_line' id='line_1_31' title="bbox 163 3473 508 3545; baseline 0.006 -17"><span class='ocrx_word' id='word_1_244' title='bbox 163 3473 216 3528; x_wconf 74' lang='grc' dir='ltr'><strong><em>καὶ</em></strong></span> <span class='ocrx_word' id='word_1_245' title='bbox 234 3482 343 3545; x_wconf 82' lang='grc' dir='ltr'><strong><em>γνῶμεν</em></strong></span> <span class='ocrx_word' id='word_1_246' title='bbox 362 3492 385 3531; x_wconf 91' lang='grc' dir='ltr'><strong><em>ο,</em></strong></span> <span class='ocrx_word' id='word_1_247' title='bbox 432 3475 508 3530; x_wconf 82' lang='lat' dir='ltr'>eiske</span> 
     </span>
    </p>
   </div>
   <div class='ocr_carea' id='block_1_5' title="bbox 0 0 1252 3878">
    <p class='ocr_par' dir='ltr' id='par_1_5' title="bbox 0 0 1252 3878">
     <span class='ocr_line' id='line_1_32' title="bbox 0 0 1252 3878; baseline 0 0"><span class='ocrx_word' id='word_1_248' title='bbox 0 0 1252 3878; x_wconf 95' lang='lat' dir='ltr'><strong><em> </em></strong></span> 
     </span>
    </p>
   </div>
  </div>
 </body>
</html>
