2508 3882
182 195 248 260 294
605 223 639 282 3-
677 194 702 246 Θ
740 223 791 286 -Ι

181 355 288 442 λέγων
316 358 391 422 οὔτε
418 357 571 439 θεμιτὸν
586 353 636 420 ἐπ’
662 355 812 439 ἀδελφοῦ
834 354 970 443 δανάτφ
994 351 1049 418 καὶ
1072 353 1193 436 συνάρ-

180 487 297 549 χοντος
315 461 465 547 ἀποβολῇ
482 462 666 546 πομπεύειν
684 459 739 526 καὶ
753 470 1036 546 στεφανηφορεῖν·
1055 457 1195 536 ἀποθεὶς

181 567 218 635 δὲ
246 571 303 646 τὰς
325 573 465 654 σημαίας
486 565 542 632 καὶ
564 571 642 644 τοὺς
664 568 864 650 στρατιώτας
887 564 1058 642 ἀπολύσας
1079 562 1131 630 ἐπὶ
1155 566 1194 629 τὰ

181 680 287 742 οἰκεῖα
315 677 375 760 τὴν
398 674 558 740 ὑπατείαν
581 672 795 758 ἀπωμόσατο,
823 673 918 736 δυεῖν
941 675 988 736 ἔτι
1011 681 1125 755 μηνῶν
1147 674 1247 746 είςιιιι

155 785 240 848 ετὸν
264 781 434 847 ἐνιαύσιον
447 782 575 865 χρόνον
595 778 812 864 λειπομένων,
835 777 999 854 ἀδύνατος
1018 777 1067 842 ὢν
1084 779 1122 842 τὰ
1138 786 1195 859 τῆς

182 889 284 975 ἀρχῆς
311 890 357 953 ἐτι
385 886 551 971 πράττειν.
598 883 813 965 ἐταλαιπώρει
836 884 900 970 γὰρ
923 883 988 948 ὑπὸ
1011 885 1195 969 τραύματος

182 994 328 1086 έξαισίρυ
351 991 407 1058 καὶ
429 987 472 1076 ἧν
495 993 698 1073 κλινοπετής.
735 983 738 988 ’

248 1097 359 1164 XIIII.
390 1096 569 1184 Ἑλομένης
594 1094 632 1163 δέ
654 1107 712 1182 τῆς
734 1101 857 1182 βουλῆς
879 1100 1111 1181 μεσοβασιλεῖς
1131 1108 1194 1162 τῶν

182 1205 402 1292 ἀρχαιρεσίων
434 1203 547 1288 ἕνεκα,
584 1203 640 1270 καὶ
671 1213 731 1271 τοῦ
763 1202 921 1289 δευτέρου
954 1200 1195 1287 μεσοβασιλέως

143 1333 168 1372 ιο
183 1309 446 1395 συγκαλέσαντος
469 1313 575 1388 είςιτὸ
598 1311 716 1378 πεδίον
738 1314 817 1388 τοὺς
839 1313 976 1396 λόχους,
997 1308 1195 1376 ἀποδείκνυ-

181 1442 234 1484 ται
252 1421 390 1484 Καίσων
410 1418 537 1500 Φάβιος
560 1417 578 1482 ὁ
597 1417 637 1481 τά
655 1416 804 1502 ἀριστεῖα
822 1417 933 1500 λαβὼν
952 1414 987 1481 ἐκ
1005 1424 1066 1498 τῆς
1083 1415 1194 1501 μάχης,

182 1523 326 1609 ἀδελφὸς
345 1520 382 1589 δέ
401 1532 462 1589 τοῦ
480 1524 541 1606 τὴν
559 1521 666 1608 ἀρχὴν
684 1521 908 1607 ἀποθεμένου,
926 1525 964 1587 τὸ
982 1524 1098 1605 τρίτον
1116 1522 1195 1586 ὕπα-

181 1654 237 1707 τος
259 1628 314 1696 καὶ
337 1633 401 1696 σὺν
424 1629 513 1716 αὐτῷ
542 1633 637 1706 Τῖτος
657 1629 862 1715 Οὐεργίνιος.
904 1623 997 1694 οὗτοι
1021 1629 1195 1713 διαλαχόν-

181 1758 234 1811 τες
260 1736 316 1811 τδις
344 1735 501 1818 δυνάμεις
528 1732 665 1821 ἐξῄεσαν
693 1737 742 1811 είς
756 1735 830 1818 τὴν
852 1735 1036 1820 ύπανδρον·
1070 1734 1195 1818 Φάβιος

142 1823 244 1936 {mv
267 1841 427 1917 Αἰκανοῖς
449 1841 646 1924 πολεμήσων
670 1842 916 1926 προνομεύουσι
940 1843 1018 1916 τοὺς
1040 1845 1193 1907 Λατίνων
1246 1854 1247 1910 λ

182 1944 318 2030 ἀγρούς,
342 1945 539 2031 Οὐεργίνιος
562 1943 599 2012 δὲ
623 1947 846 2024 Οὐιεντανοῖς.
883 1944 1025 2013 Αἰκανοὶ
1048 1943 1110 2031 μέν
1135 1941 1193 2012 οὖν

181 2051 296 2136 ἐπειδὴ
321 2054 462 2136 στρατὸν
482 2051 702 2137 ἐλευσόμενον
721 2050 1096 2138 ἐπ”αὐτοὺςέχνωσαν,
1115 2053 1194 2118 ἀνα·
1245 2069 1246 2149 η

183 2160 319 2236 στάντες
346 2159 382 2225 ἐκ
409 2169 468 2243 τῆς
489 2163 648 2244 πολεμίας
671 2161 727 2226 διὰ
749 2161 869 2246 τάχους
891 2159 1047 2244 ἀπῆλθον
1070 2161 1195 2237 εἰςτὰς

180 2262 310 2332 ἑαυτῶν
325 2269 449 2343 πόλεις·
468 2264 523 2331 καὶ
541 2268 621 2350 μετὰ
640 2275 742 2332 ταῦτα
761 2265 1023 2352 λεηλατουμένης
1041 2277 1099 2351 της
1117 2283 1195 2351 σφε·

141 2391 167 2430 20
181 2371 277 2458 τέρας
299 2381 358 2456 γῆς
380 2373 456 2455 ἠνεί
454 2395 565 2457 χοντο,
588 2373 670 2437 ωστε
688 2377 822 2438 πολλῶν
840 2380 1000 2456 κρατησαι
1018 2373 1244 2458 χρημάτωνιῖῖι

180 2479 240 2543 τὸν
269 2477 397 2545 ὕπατον
426 2476 481 2543 καὶ
512 2479 673 2563 σωμάτων
702 2477 757 2544 καί
786 2487 843 2562 τῆς
871 2480 1014 2563 <ύλλης>
994 2480 1134 2563 >λείας
1163 2459 1244 2556 ἐξ

64 2669 67 2674 ¹
181 2582 317 2668 ἐφόδου
352 2582 561 2651 Οὐιεντανοὶ
589 2582 652 2650 δὲ
654 2581 724 2650 κατ’
749 2585 850 2672 ἀρχάς
873 2584 966 2662 ἐντὸς
988 2588 1118 2670 τείχους
1141 2584 1195 2667 με’-

180 2712 307 2772 νουτες,
325 2675 438 2772 ἐπειδὴ
453 2693 570 2777 καιρὸν
585 2693 671 2777 ἔχειν
686 2690 804 2769 ἔδοξαν
818 2690 1017 2775 ἐπιτήδειον,
1037 2690 1196 2758 ἐπέθεντο

89 2799 118 2878 J
180 2803 249 2868 τοῖς
276 2797 446 2877 πολεμίοις
473 2795 727 2879 ἐσκεδασμένοις
753 2797 817 2862 άνδ
842 2798 882 2861 τὰ
909 2799 1007 2863 πεδία
1034 2796 1196 2882 καὶπρὸς

139 2879 334 2992 ἒὰρπαχην
360 2901 595 2983 τετραμμένοις
621 2911 679 2985 τῆς
706 2908 803 2980 λείας.
848 2900 1045 2989 έχοντεςδέ
1056 2906 1195 3034 πρλλὴυ
1239 2953 1240 2956 ¹

180 3002 235 3069 καὶ
265 3004 533 3090 συντεταγμένην
563 3008 707 3092 δύναμιν
737 3009 960 3093 ἐμβάλλουσιν
987 3012 1035 3087 είς
1061 3010 1195 3092 αὐτούς,

251 3163 403 3232 διημείας
421 3162 443 3217 0
463 3179 532 3218 corr.
552 3164 673 3233 Sylburg
732 3171 766 3218 10
784 3164 800 3220 ό
800 3169 882 3234 χλονς
902 3168 924 3221 Ο
944 3183 1015 3220 corr.
1034 3165 1155 3234 δελετες
1155 3166 1196 3219 let

178 3233 246 3290 hist.
264 3251 332 3289 rom.
353 3233 423 3303 le.
439 3239 491 3289 466
555 3241 589 3290 20
608 3186 817 3360 ἳὴ>νείχοντοχ
816 3237 863 3292 Bb
932 3245 965 3292 21
985 3237 1103 3304 καὶτῆς
1120 3239 1196 3298 λείας

179 3304 202 3359 Ο
221 3305 270 3360 καλ
288 3309 392 3375 πολλῆς
409 3307 485 3368 λείας
504 3304 578 3374 Omg
602 3323 617 3360 ε
649 3306 803 3362 Christiani
823 3307 925 3390 versio,
949 3307 999 3364 καὶ
1017 3307 1103 3376 ἄλλης
1121 3305 1223 3369 λείας

179 3374 335 3499 ἳὶχιαῖοαὶε
322 3376 383 3432 Em
402 3375 485 3432 Dion.
503 3376 569 3432 12³
588 3378 659 3431 duce
678 3376 807 3445 Reiskio,
827 3377 876 3448 qui
894 3379 956 3448 ipse
975 3379 1024 3434 καλ
1042 3385 1092 3447 τῆς
1111 3378 1195 3447 ἄλλης

195 3462 208 3497 ε
241 3448 395 3547 ςοουὶοοίῖ
