2508 3882
140 139 205 204 216
563 141 728 190 -H-

139 298 196 368 καὶ
222 301 284 384 τήν
309 300 463 386 φυλακὴν
493 311 560 366 τῶν
586 303 702 385 νόμων
730 300 872 385 ἀτραπός
893 297 1007 365 τεκαὶ
1030 299 1157 386 ἀπαρά-

140 423 272 484 πειστος
288 405 344 472 καὶ
363 402 468 473 οὐθὲν
482 415 528 494 τῷ
549 405 688 473 ἐπιεικεῖ
708 407 850 473 διδοῦσα
867 405 1044 491 ἀποτομία·
1067 405 1160 472 ἐοικέ

139 508 169 579 τ’
195 510 320 599 ἀληθὲς
342 509 429 580 εἶναι
451 515 489 580 τὸ
512 513 579 580 ὑπὸ
601 524 668 580 τῶν
691 512 839 599 ἀρχαίων
859 516 1042 598 λεγόμενον
1059 519 1157 598 φιλο-

142 623 268 706 σόφων,
299 621 350 686 ὅτι
383 619 557 706 μεσότητές
588 621 689 704 εἰσιν,
721 615 793 684 ἀλλ’
827 619 889 686 οὐκ
919 619 1092 706 ἀκρότητες
1118 619 1161 684 αί

114 737 208 794 οτῶν
231 726 328 810 ἠθῶν
350 727 478 813 ἀρεταί,
506 726 646 812 μάλιστα
669 722 700 791 δ’
726 727 747 809 ἡ
776 728 983 811 δικαιοσύνη.
1029 727 1069 792 οὐ
1091 729 1158 812 γάρ

142 837 248 918 μόνον
266 833 462 901 ἐλλείπουσα
480 844 540 900 τοῦ
558 835 694 919 μετρίου
711 831 871 918 πέφυκεν,
889 832 974 899 ἀλλά
988 831 1044 899 καῖ
1056 833 1158 918 ὑπερ-

142 941 312 1025 βάλλουσα
335 940 447 1018 αὐτοῖς
470 937 498 1006 τ’
519 939 561 1006 οὐ
578 942 761 1024 λυσιτελής,
784 937 855 1005 ἀλλ’
878 943 970 1006 ἔστιν
991 937 1040 1004 ὅτ’
1067 941 1226 1004 αίτίαισῡι

143 1047 296 1131 μεγάλων
325 1056 525 1132 συμφορῶν,
556 1043 612 1111 καὶ
640 1047 688 1122 εἰς
716 1045 886 1123 θανάτους
918 1048 1071 1132 οἰκτροὺς
1100 1044 1158 1110 καὶ

108 1152 250 1236 3λύμας
272 1148 473 1236 ἀνηκέστους
492 1151 772 1238 καταστρέφουσα.
816 1152 975 1239 Μάρκιόν
997 1149 1028 1235 γ’
1057 1148 1158 1219 οὐδὲν

105 1282 130 1321 ιο
143 1251 186 1340 ἠν
209 1255 323 1342 ἕτερον
346 1258 421 1343 ἀρα,
445 1256 463 1322 δ
481 1266 539 1342 τής
556 1260 719 1343 πατρίδος,
732 1257 869 1342 ἐξήλασε
886 1257 942 1324 καὶ
959 1271 1027 1325 τῶν
1046 1259 1158 1324 ἀλλων

20 1419 25 1434 .
92 1427 116 1443 Δ(
144 1362 284 1446 ἀγαθῶν
313 1361 479 1448 ἀνόνητον
506 1363 677 1448 ἐποίησεν,
705 1364 726 1449 ἠ
754 1361 949 1452 τά’ἀκριβὲς
975 1362 1031 1431 καὶ
1054 1367 1180 1450 ἀκρον

144 1471 285 1538 δίκαιον.
330 1481 399 1548 τοῖς
428 1494 463 1536 τε
486 1471 549 1557 γὰρ
573 1473 730 1555 δημόταις
751 1477 854 1536 εῖκειν
877 1473 916 1536 τὰ
940 1469 1056 1559 μέτρια
1079 1471 1160 1539 δέον

144 1573 199 1640 καὶ
223 1575 352 1660 ἐφιέναι
375 1598 407 1642 τι
429 1587 500 1654 ταῖς
519 1575 711 1661 ἐπιθυμίαις
732 1575 788 1642 καὶ
806 1578 845 1642 τά
863 1588 976 1664 πρῶτα
993 1576 1161 1665 φέρεσθαι

144 1679 221 1766 παρ’
248 1682 372 1765 αὐτοῖς,
395 1682 458 1748 οὐκ
479 1683 666 1767 ἠβουλήθη,
689 1681 773 1748 ἀλλά
795 1686 879 1771 πρδς
901 1683 1035 1750 ἅπαντα
1053 1687 1093 1750 τά
1114 1687 1160 1769 μή

105 1811 131 1852 τε
145 1789 256 1852 δίκαια
279 1785 462 1870 ἀντιλέγων
484 1799 579 1872 μῖσος
601 1791 713 1876 ἠγειρε
731 1787 786 1855 καὶ
809 1789 975 1876 ἐξηλάσθη
999 1793 1081 1877 πρὸς
1100 1791 1162 1856 αὐ-

144 1904 225 1960 τῶν·
257 1902 315 1978 τής
343 1916 378 1958 τε
409 1894 634 1962 Οὐολούσκων
662 1899 858 1981 στρατηγίας
887 1887 991 1974 εὐθὺς
1018 1899 1085 1982 ἀμα
1115 1906 1162 1985 τῷ

146 2001 302 2067 διαλῦσαι
329 2003 388 2067 τὸν
416 2003 562 2085 πόλεμον
590 2000 819 2086 ἀπαλλαγῆναι
846 2005 954 2089 παρὸν
983 2001 1040 2069 καὶ
1068 2027 1163 2089 μετε-

146 2109 330 2190 νέγκασθαι
352 2108 414 2192 τήν
437 2112 569 2192 οίκησιν
593 2105 734 2193 ἑτέρωσέ
752 2129 822 2193 ποι,
845 2108 925 2186 τέως
946 2108 989 2176 ἀν
1012 2110 1033 2192 ἠ
1056 2111 1163 2177 κάθο-

148 2216 206 2292 δος
229 2216 318 2301 αὐτῷ
341 2216 430 2300 δοθή
453 2214 519 2280 ὑπὸ
542 2223 599 2297 τῆς
625 2216 798 2300 πατρίδος,
824 2213 880 2282 καὶ
909 2217 954 2301 μή
977 2228 1163 2303 παρασχεῖν

108 2346 134 2386 ιο
147 2321 250 2388 αὑτὸν
273 2321 406 2408 ἐχθρῶν
427 2320 620 2407 ἐπιβουλαῖς
642 2319 698 2386 καὶ
717 2324 825 2408 ὄχλων
845 2321 1003 2407 ἀμαθίαις
1022 2327 1164 2408 σκοπόν,

146 2428 209 2494 οὐκ
231 2428 386 2514 ἠξίωσεν,
414 2425 485 2520 ἀλλ’
512 2428 708 2495 ὑπεύθυνον
736 2431 886 2513 οἰόμενος
910 2431 982 2494 δεῖν
1005 2432 1041 2496 τὸ
1066 2441 1164 2516 σῶμα

146 2547 328 2623 παρασχεῖν
345 2546 415 2614 τοῖς
432 2539 663 2603 πεπιστευκόσι
681 2537 742 2620 τήν
759 2534 866 2620 ἀρχήν
884 2533 940 2600 καὶ
958 2539 1061 2620 λόγον
1080 2535 1165 2603 ἀπο-

148 2645 229 2719 δοὺς
258 2637 306 2708 ὧν
328 2639 445 2728 ἔπραξε
468 2643 550 2706 κατὰ
577 2643 637 2726 τήν
663 2641 860 2726 ἠγεμονίαν,
890 2648 924 2708 εί
946 2665 978 2707 τι
1005 2646 1229 2728 φαίνοιτοιεοι

147 2747 273 2812 ἀδικῶν
300 2749 362 2832 τήν
388 2748 470 2813 κατὰ
497 2750 622 2831 νόμους
649 2746 808 2834 ὑποσχεῖν
837 2749 949 2832 δίκην,
979 2757 1036 2833 τῆς
1059 2751 1165 2837 ἀκρας

108 2874 134 2914 25
149 2854 363 2937 δικαιοσύνης
386 2853 426 2919 οὐ
448 2855 571 2930 καλοὺς
594 2849 736 2938 ἀπέλαβε
759 2855 911 2938 μισθούς.

221 2979 235 3027 1
255 2972 367 3043 ἀκριτος
385 2973 486 3028 Suidas
559 2978 575 3027 ό
593 2969 727 3028 λείποντα
746 2974 848 3030 Suidas
873 2980 877 3041 Ι
902 2974 1012 3046 πέφυκε
1030 2981 1123 3032 λιπεῖν
1137 2978 1165 3032 A

148 3044 321 3114 9Μάρκιον
339 3045 371 3100 δὲ
391 3045 413 3101 0
431 3044 584 3116 praeterB
676 3051 709 3099 12
728 3065 758 3100 τε
777 3046 879 3102 add.B
970 3053 1002 3100 13
1021 3047 1070 3102 καῖ
1089 3047 1163 3102 οὕτω

146 3119 182 3174 τά
200 3124 298 3187 πρῶτα
321 3134 344 3174 ο.
363 3115 452 3172 Cobet
471 3115 537 3173 Obs.
555 3134 583 3185 p.
605 3124 656 3172 166
749 3124 782 3171 14
799 3116 989 3191 <ἠ>βοολήθη
1013 3118 1036 3172 Β
1128 3125 1163 3172 15

149 3257 318 3387 ἐξηλὲαξθη
336 3260 359 3314 Β
478 3264 511 3314 18
530 3278 580 3313 ποι
595 3303 600 3314 .
616 3256 668 3322 ἕως
686 3258 709 3312 Β
732 3185 801 3321 τεξάἠ
827 3260 889 3316 cod.
908 3259 1103 3316 Peirescianus
1126 3261 1162 3316 ef.

148 3333 213 3388 Men
235 3332 349 3388 essohn
366 3329 437 3387 Mus.
456 3329 544 3385 Rhen.
564 3336 748 3399 38,116οηε.
768 3329 819 3392 ἕως
837 3331 862 3385 Β
962 3338 996 3388 19
1015 3333 1117 3401 δοθείη
1138 3331 1161 3386 Ο

149 3404 225 3474 δοθή
245 3403 306 3459 cod.
324 3402 518 3458 Peirescianus
537 3404 566 3457 οῖ
584 3401 729 3471 Kiessling
