2484 3876
507 153 675 202 -Η-
1035 150 1097 214 141

153 313 240 378 XIII.
280 310 413 398 Ἐπειδὴ
449 310 486 379 δὲ
516 321 659 398 συνῆκτο
688 314 753 398 ἤδη
782 323 871 380 πᾶσα
900 312 920 398 ἡ
950 315 1100 398 ὀάναμις,

84 420 281 504 ἐβουλεύετο
311 422 393 505 μετὰ
421 429 482 486 τοῦ
511 420 736 506 συνάρχοντος
765 420 784 487 ό
813 420 981 507 Μάρκιος,
1012 420 1101 499 ὅπως

83 525 244 612 χρηστέον
266 538 337 604 τοῖς
360 532 490 604 λοιποῖς
510 527 710 612 πράγμασιν.
755 529 818 611 ἔφη
842 524 873 592 θ’
893 521 957 592 οὑν
979 525 1099 609 λέγων·

80 632 172 717 Ἐμοὶ
195 635 304 718 δοκεῖ,
331 627 358 698 ὦ
386 633 508 717 Τύλλε,
535 631 711 719 κράτιστον
733 628 819 699 εἶναι
842 636 1022 717 νείμασθαι
1043 633 1101 711 τάς

83 739 241 824 ὀυνάμεις
259 740 345 824 ἡμᾶς
359 741 448 825 ὀιχῇ·
471 740 582 804 ἔπειτα
595 740 654 805 τὸν
668 735 729 824 μὶν
744 737 857 825 ἕτερον
869 738 964 824 ἡμῶν
976 740 1100 822 ἄγοντα
1127 761 1139 802 ι

83 849 160 923 τοὺς
192 846 437 930 ἀκμαιοτάτους
465 843 520 910 καὶ
548 846 825 931 προθυμοτάτους
854 845 953 930 ὁμόσε
982 857 1102 931 χωρεῖν

83 965 149 1030 τοῖς
170 957 347 1038 πολεμίοις
371 949 639 1039 [μαχησόμενον],
662 949 718 1016 καὶ
740 954 773 1018 εί
793 947 854 1036 μὲν
876 951 1102 1036 ὑπομενοῦσιν

83 1061 127 1137 είς
152 1071 271 1146 χεῖρας
296 1060 377 1144 ἡμῖν
402 1058 487 1125 ἰέναι
510 1068 569 1146 μιᾷ
591 1069 702 1144 κρῖναι
724 1060 785 1124 τόν
807 1057 919 1142 ἀγῶνα
942 1058 1045 1144 μάχη,
1072 1059 1104 1123 εί

85 1164 112 1230 θ’
124 1165 392 1250 ἀποκνήσουσιν,
406 1164 451 1241 ὡς
463 1163 528 1246 ἐγὼ
541 1167 713 1250 πείθομαι,
726 1173 864 1252 στρατιᾷ
877 1164 1102 1254 νεοσυλλέκτῳ

84 1271 134 1338 καὶ
166 1273 333 1358 ἡγεμόσιν
365 1270 512 1357 ἀπείροις
541 1269 687 1355 πολέμου
717 1274 775 1338 τὸν
804 1267 887 1357 ὑπὲρ
917 1283 983 1337 τῶν
1013 1272 1101 1338 όλων
1116 1295 1142 1332 ιο

85 1381 250 1446 ια’νθυνον
287 1376 488 1462 ἐπιτρέπειν,
523 1380 585 1462 τήν
616 1401 651 1442 τε
683 1380 795 1464 χώραν
826 1377 937 1444 αὐτῶν
969 1377 1103 1444 ἐπιόντα

85 1493 233 1572 πορθεῖν
259 1483 316 1550 καὶ
342 1487 421 1562 τοὺς
449 1485 641 1570 συμμάχους
666 1495 829 1573 περισπᾶν
854 1483 909 1550 καί
931 1485 989 1562 τὰς
1010 1483 1104 1550 άποι-

39 1597 155 1670 ιιιοκίας
179 1591 334 1676 ἀναιρεῖν
356 1589 412 1656 καὶ
434 1600 501 1656 πᾶν
523 1593 605 1657 άλλο
623 1593 726 1657 κακὸν
745 1590 763 1655 ὀ
781 1613 812 1656 τι
831 1591 968 1656 δύναιτο
986 1600 1103 1656 ποιεῖν.

87 1701 141 1766 τὸν
171 1695 206 1764 θ’
235 1697 349 1784 ἕτερον
377 1697 499 1764 ἐνθάθε
528 1694 737 1782 ὑπομένοντα
758 1699 911 1784 φυλακὴν
932 1701 1139 1766 ποιεῖσθαι2

90 1813 144 1888 τῆς
162 1828 198 1870 τε
218 1805 328 1890 χώρας
345 1801 400 1868 καὶ
418 1814 485 1869 τῶν
504 1807 646 1887 πόλεων,
669 1805 714 1888 μὴ
733 1804 885 1870 λάθωσιν
903 1803 1105 1890 ἀφυλάκτοις
1120 1823 1144 1864 ιι

91 1909 300 1988 ἐπιπεσόντες
322 1910 435 1987 αὐτοῖς
458 1910 493 1975 οἱ
512 1907 675 1994 πολέμιοι,
697 1907 751 1974 καί
773 1919 907 1996 πρᾶγμα
930 1915 1104 1996 αἴσχιστον

89 2019 267 2102 πάθωμεν,
296 2016 333 2082 ἐν
363 2009 389 2104 95
419 2027 487 2082 τῶν
516 2015 670 2082 ἀπόντων
700 2014 859 2102 ἐφιέμεθα
888 2018 928 2081 τὰ
955 2020 1103 2099 παρόντα

88 2121 337 2210 ἀφαιρεθέντες.
381 2121 465 2189 ἀλλὰ
492 2123 553 2208 χρὴ
580 2125 640 2188 τὸν
664 2121 785 2188 ἐνθάθε
807 2121 1016 2206 ὑπομένοντα
1038 2123 1102 2206 ἤδη

90 2233 177 2315 τείχη
202 2228 230 2295 τ’
253 2229 443 2315 ἀνορθοῦν,
467 2229 529 2294 ὅσα
551 2227 716 2312 πέπτωκε,
738 2226 794 2294 καί
816 2229 962 2314 τάφρους
985 2228 1105 2294 ἀνακα-

94 2341 222 2422 θαίρειν
246 2334 302 2402 καὶ
325 2337 470 2422 φρούρια
493 2335 650 2420 ὀχυροῦν,
673 2337 728 2400 ἵνα
749 2345 819 2412 τοῖς
841 2343 1026 2420 γεωργοῦσι
1043 2335 1105 2418 τὴν
1118 2355 1145 2393 ιο

94 2444 201 2528 χώραν
223 2443 398 2529 ὑπάρχωσι
420 2444 622 2526 καταφυγαί,
646 2440 803 2526 στρατιάν
825 2437 853 2505 τ’
875 2441 980 2524 άλλην
1001 2456 1103 2523 προσ-

92 2550 316 2636 καταγράφειν
344 2547 400 2614 καὶ
428 2549 553 2634 τροφὰς
582 2559 652 2624 τοῖς
680 2547 741 2626 ἔξω
771 2541 868 2614 οὖσιν
898 2545 1107 2633 ἐπιχορηγεῖν

93 2656 145 2722 καὶ
176 2657 263 2722 ὅπλα
293 2656 466 2742 χαλκεύειν
495 2653 550 2719 καὶ
579 2661 614 2720 ελ
638 2679 670 2720 τι
700 2655 781 2720 άλλο
808 2653 989 2738 ἀναγκαῖον
1017 2657 1107 2721 ἔσται

93 2773 226 2850 πρᾶγμα
250 2760 351 2840 ὀξέως
371 2762 555 2847 ὑπηρετεῖν.
602 2761 723 2845 ὀίόωμι
746 2759 786 2826 ὀέ
807 2777 859 2827 σοι
881 2763 942 2846 τὴν
965 2763 1142 2847 αἳρεσιν,3

96 2877 156 2936 εῖτε
175 2880 236 2954 τῆς
252 2868 433 2954 ὑπερορίου
451 2877 605 2954 στρατιᾶς
622 2873 687 2933 είτε
706 2875 764 2951 τῆς
781 2866 903 2934 ἐνθάθε
921 2869 1107 2955 ὑπομενού-
1121 2886 1147 2928 ²⁵

97 2995 153 3061 σης
175 2974 306 3052 ἐθέλεις
323 2985 526 3060 στρατηγεῖν.
562 2981 665 3040 ταῦτα
682 2972 837 3056 λέγοντος
855 2975 958 3042 αὐτοῦ
976 2978 1108 3062 σφόδρα

168 3140 181 3187 1
200 3121 257 3201 ἤδη
278 3131 342 3186 add.
361 3131 384 3184 B
447 3138 462 3187 7
482 3130 676 3200 μαχησόμενον
696 3131 749 3186 del.
770 3131 859 3186 Cobet
875 3133 894 3187 l.
913 3133 931 3186 l.
992 3139 1007 3185 9
1028 3148 1109 3200 στρα-

99 3206 157 3278 τείᾳ
179 3205 202 3261 Ο
222 3206 336 3272 praeter
353 3202 376 3256 B
451 3208 484 3256 15
507 3202 673 3271 ἀφυλάκτως
692 3233 725 3242 -
745 3209 778 3258 16
802 3204 897 3267 αὑτοῖς
915 3203 938 3258 Ο
956 3200 1109 3270 praeterB

100 3277 193 3339 αόταῐς
217 3292 240 3332 ο,
260 3275 361 3328 Portus
435 3279 467 3328 18
490 3272 545 3341 ἥδη
565 3273 587 3327 0
611 3282 663 3328 νῦν
681 3273 736 3342 ἤδη
754 3274 801 3329 vel
824 3267 835 3294 ²
855 3277 905 3329 δεῖ
922 3289 979 3340 qua
996 3288 1048 3340 par
1066 3275 1110 3325 εει

100 3363 124 3401 ο.
140 3347 242 3402 Reiske
261 3345 340 3415 ἡμῶν
359 3361 381 3399 ο.
400 3343 545 3414 Kiessling
604 3351 637 3398 19
656 3344 764 3414 ὀρθοῦν
782 3296 836 3398 Ag
889 3351 924 3399 20
943 3341 1110 3414 <φρον>ρια

101 3416 124 3468 Β
191 3425 225 3474 21
249 3417 397 3487 στρατείαν
416 3415 491 3468 ABa
