2496 3878
155 197 198 260 24
579 202 741 250 -ι-

59 438 60 442 ¹
157 370 249 425 σῖτον
273 346 406 446 ἀπορία,
429 359 541 445 ἐπειδὴ
564 361 625 444 τὴν
649 359 845 446 ἐλευθερίαν
863 358 1013 426 ἀκόντων
1032 359 1177 426 ἐκείνων

119 465 175 532 4δ
200 467 302 550 δῆμος
321 465 357 532 ἐκ
374 475 431 551 τῆς
449 466 660 544 ἀποστάσεως
678 467 802 549 εὕρετο.
840 469 1023 553 ἰσομοιρεῖν
1041 461 1069 531 τ’
1089 463 1176 533 οὐδὲ

156 573 237 636 κατὰ
255 575 375 659 μικρὸν
394 570 579 658 ἀπέφαινον
596 582 654 657 τῆς
672 581 845 659 συμφορᾶς
868 585 937 650 τοῖς
954 577 1073 656 πένησι
1090 576 1176 649 τοὺς

156 677 330 765 εὐπόρους·
350 678 489 757 ἐκείνοις
507 675 568 763 μὲν
588 680 651 765 γὰρ
670 675 755 745 εἶναι
774 677 828 744 καὶ
846 679 971 764 τροφὰς
990 677 1027 744 ἐν
1043 678 1176 764 ἀφανεῖ

127 783 379 869 τάποκειμένας
394 783 449 851 καὶ
471 786 631 871 χρηματα,
660 777 710 862 οἷς
732 787 917 869 ὠνούμενοι
940 786 998 862 τὰς
1020 783 1174 850 ἐπεισάκ-

154 914 232 976 τους
255 890 377 976 ἀγορὰς
401 890 437 956 ἐν
460 897 565 976 πολλῇ
588 891 753 978 ὑπεροψίᾳ
775 887 862 975 ἦσαν
879 902 940 958 τοῦ
962 901 1084 976 κακοῦ,
1099 901 1175 967 τοῖς

156 994 370 1081 δὲ-δημόταις
388 996 557 1092 ἀμφότερα
574 994 673 1071 ταῦτ’,
687 996 819 1082 ἀπόρως
838 1001 938 1084 ἐχειν·
963 1000 1022 1082 την
1041 995 1068 1062 τ’
1087 996 1173 1063 ἀπο-

156 1103 278 1186 στολὴν
291 1114 358 1168 τῶν
367 1105 575 1189 κληρούχων,
588 1103 630 1187 ἣν
645 1102 841 1187 ἐποιήσαντο
856 1107 904 1181 είς
917 1105 1039 1191 νοσερὰ
1053 1107 1172 1190 χωρία,

156 1207 298 1293 ἐκβολὴν
321 1208 562 1294 ἀποφαίνοντες
584 1213 632 1287 είς
653 1219 807 1296 προφανῆ
827 1209 882 1276 καὶ
900 1218 1013 1299 μακρῷ
1029 1213 1174 1296 ’χείρονα

114 1338 141 1378 10
156 1316 311 1401 όλεθρον,
334 1314 491 1393 αὔξοντες
513 1315 558 1393 ὡς
580 1317 720 1400 μάλιστα
743 1314 881 1382 δυνατοὶ
903 1312 990 1400 ἦσαν
1010 1325 1055 1405 τῷ
1080 1318 1172 1404 λόγῳ

153 1421 194 1485 τὰ
222 1421 332 1505 δεινά,
364 1420 419 1486 καὶ
446 1425 482 1486 τί
505 1419 606 1508 πέρας
637 1425 727 1487 ἐσται
759 1434 827 1489 τῶν
858 1434 970 1488 κακῶν
1000 1421 1173 1500 ἀξιοῦντες

50 1537 52 1541 ’
155 1531 290 1610 μαθεῖν,
312 1525 617 1612 ὑπομιμνήσκοντές
639 1553 672 1593 τε
692 1541 758 1594 τῶν
777 1534 927 1595 παλαιῶν
945 1525 1071 1606 αὐτοὺς
1085 1531 1239 1594 κίκι-134

157 1644 260 1716 σμῶν,
284 1625 334 1710 οἷς
356 1633 421 1699 ὑπὸ
444 1645 512 1700 τῶν
534 1637 704 1701 πλουσίων
728 1637 846 1721 ἔτυχον
869 1634 1084 1719 αίκισθέντες,
1114 1633 1175 1700 καὶ

121 1733 259 1808 5τάλλα
281 1739 321 1804 τὰ
339 1739 437 1823 ὅμοια
455 1741 585 1818 τούτοις
602 1742 684 1806 κατὰ
703 1743 831 1825 πολλὴν
849 1743 965 1807 ἀδειαν
984 1741 1174 1819 διεξιόντες.

117 1865 142 1906 15
157 1851 319 1911 τελευτῶν
343 1843 373 1909 δ’
400 1846 419 1911 δ
438 1850 588 1931 Βροῦτος
609 1849 657 1923 είς
680 1845 819 1931 ἀπειλήν
837 1871 916 1926 τινα
938 1847 1070 1913 τοιόνδε
1093 1869 1174 1910 κατ-

157 1949 282 2015 έκλεισε
303 1952 362 2016 τὸν
386 1953 503 2034 λόγον,
531 1952 575 2028 ὡς
597 1953 629 2016 εί
654 1955 855 2036 βουληθεῖεν
878 1953 966 2042 αὐτῷ
989 1956 1174 2019 πείθεσθαι

154 2043 212 2120 ’διδι
236 2055 362 2141 ταχέων
384 2058 669 2141 προσαναγκάσων
691 2057 781 2136 τοὺς
798 2058 1020 2136 ἐκκαύσαντας
1041 2061 1078 2124 τὸ
1103 2060 1173 2123 δει-
1238 2079 1239 2086 ’

33 2213 50 2245 ,
156 2165 219 2227 νὸν
242 2161 340 2247 <καὶ>
363 2162 570 2248 κατασβέσαι.
606 2164 627 2247 η
651 2160 712 2248 μὲν
735 2166 776 2249 δὴ
801 2163 956 2248 ἐκκλησία
979 2165 1136 2230 διελύετο.
1238 2211 1239 2216 1

223 2267 292 2347 Χῖ.
322 2270 368 2334 Οί
393 2266 423 2333 δ’
449 2269 568 2335 ύπατοι
596 2278 635 2355 τη
663 2273 801 2336 κατόπιν
828 2271 934 2358 ημέρηι
961 2270 1173 2336 συνεκάλουν
1238 2257 1239 2334 f

117 2399 143 2437 ιο
157 2377 217 2460 την
240 2376 368 2459 βουλὴν
390 2379 567 2460 περίφοβοι
586 2377 679 2452 ὄντες
698 2373 751 2463 ἐπὶ
769 2387 839 2453 τοῖς
856 2374 1175 2461 καινοτομουμένοις
1215 2415 1219 2419 -

156 2480 211 2546 καὶ
238 2483 299 2566 τὴν
325 2492 385 2548 τοῦ
407 2483 560 2568 Βρούτου
589 2484 796 2566 δημοκοπίαν
823 2485 871 2560 είς
898 2480 981 2567 μέγα
1007 2507 1039 2548 τι
1066 2485 1174 2549 κακὸν

156 2586 362 2669 ἀποσκήψειν
385 2591 542 2672 οίόμενοι.
585 2586 704 2655 πολλοὶ
731 2585 792 2674 μὲν
819 2590 861 2673 δὴ
885 2587 939 2654 καὶ
962 2587 1175 2655 παντοδαποὶ

135 2705 136 2708 ’
156 2693 222 2758 ὑπό
240 2689 268 2756 τ’
288 2693 398 2758 αὐτῶν
417 2693 554 2760 ἐκείνων
569 2694 760 2779 ἐρρήθησαν
779 2695 816 2761 ἐν
831 2705 875 2782 τῷ
890 2697 1055 2784 συνεδρίω
1074 2698 1174 2778 λόχοι

156 2797 212 2864 καὶ
239 2798 304 2864 ὑπὸ
332 2809 398 2864 τῶν
421 2800 531 2865 ἄλλων
554 2800 805 2886 πρεσβυτέρων,
833 2813 900 2866 τῶν
922 2799 983 2886 μὲν
1006 2799 1174 2886 οἰομένων

116 2929 142 2970 ιε
158 2905 230 2969 δεῖν
244 2905 444 2990 θεραπεύειν
462 2908 521 2972 τὸν
540 2908 648 2990 δῆμον
667 2905 775 2994 διπάση
794 2907 1038 2996 εύπροσηχορίηι
1057 2911 1173 2992 λόγων

229 3101 245 3150 6
259 3094 469 3166 παρακειμένας
483 3097 506 3152 0
531 3095 719 3168 ἀποκειμένας
733 3116 756 3154 ο.
771 3099 895 3154 Sintenis
918 3100 978 3155 Em.
993 3099 1075 3154 Dion.
1084 3099 1124 3152 ΠΙ
1136 3105 1172 3154 10

158 3174 191 3222 13
210 3165 263 3240 οἷς]
284 3169 332 3230 οὓς
350 3185 373 3223 ο.
392 3168 536 3237 Kiessling
627 3176 660 3222 16
679 3169 706 3224 εί
742 3169 803 3238 ὴΑ
894 3178 926 3225 17
946 3170 995 3224 διὰ
1014 3187 1067 3224 om.
1088 3172 1169 3242 Ba!

112 3255 113 3259 ’
156 3234 391 3311 <ἐκ>καύσαντας
409 3239 455 3292 Bb
514 3246 546 3294 18
565 3239 614 3293 καὶ
633 3241 696 3296 add.
717 3190 805 3296 &obet
824 3241 889 3296 obs.
907 3260 935 3310 p.
951 3247 1002 3295 138
1019 3245 1022 3308 Ι
1040 3236 1087 3295 ἐπὶ
1104 3241 1173 3295 τού-

156 3328 215 3370 τοις
233 3310 357 3365 διελύετο
376 3326 399 3365 o.
417 3309 521 3365 Reiske
620 3317 658 3365 21'
674 3313 902 3381 δημ.κοπίανΒ
956 3333 957 3338 ’
999 3317 1033 3366 23
1053 3307 1084 3366 ἐν
1103 3312 1171 3367 add.
1238 3347 1239 3358 ι

156 3379 263 3449 BOmg
316 3387 350 3435 25
370 3380 567 3458 *προσηγορίᾳ
587 3383 609 3438 Ο
628 3385 782 3458 προσηνείᾳ
801 3382 943 3439 c.B1eiske
963 3384 1172 3460 εύπροσηχορίρι

160 3465 213 3518 ego
233 3451 267 3506 ef.
285 3451 382 3519 11148,
398 3457 415 3504 4
433 3452 456 3522 (Ι
471 3460 531 3522 364,
546 3455 591 3523 20)
605 3454 688 3509 Ιεοοτ.
707 3473 734 3523 p.
751 3462 784 3510 66
