2508 3882
176 211 242 274 242
600 213 766 262 -H-

174 374 332 456 πείσομεν
355 369 409 456 δέ,
431 369 487 436 καὶ
509 368 601 438 τοῦτ’
628 367 740 448 οὐδεὶς
760 371 857 456 ὑμῶν
876 371 1000 455 ἀγνοεῖ.
1044 373 1193 456 χαλεπώ-

175 501 253 564 τερα
273 479 336 564 γάρ
360 477 403 544 ἀν
421 489 489 543 τῶν
511 479 556 562 μὴ
580 477 815 563 τυγχανόντων
837 476 1031 544 ἀποτίσειαν
1054 479 1089 544 οί
1107 490 1242 556 arev-1595

176 584 313 662 σθέντες
338 593 396 668 τῆς
423 583 557 660 ἐλπίδος
578 583 633 648 καί
655 587 696 650 τὰ
718 582 970 668 ὁμολογηθέντα
992 587 1037 669 μὴ
1060 587 1191 669 κομιζό-

175 715 280 775 μενοι.
326 693 492 777 οίχήσεται
519 691 562 774 δη
589 690 691 755 πάλιν
718 687 831 775 φέρων
859 691 982 768 αὐτοὺς
1003 692 1023 756 ὁ
1046 693 1086 755 τὰ
1106 693 1192 778 πρὸς

148 797 303 882 ιὴδονην
324 801 591 882 πολιτευόμενος,
614 795 669 860 καί
688 792 768 861 οὐδὲ
786 806 853 861 τῶν
872 796 1052 882 δημάρχων
1074 820 1122 874 τις
1144 800 1190 862 ἔτι

138 901 252 990 3μεθ’
283 904 379 988 ἡμῶν
400 905 561 986 στήσεται.
605 904 641 966 τί
664 896 728 966 οὖν
754 901 835 986 ὑμῖν
861 903 1017 985 πράττειν
1040 914 1189 989 παραινῶ

175 1009 230 1077 καί
252 1014 288 1076 τί
306 1013 509 1095 προστίθημι
526 1015 567 1092 τῇ
583 1005 720 1072 Ἀππίου
739 1008 867 1094 γνώμη,
884 1007 1021 1091 μάθετε,
1044 1007 1126 1074 ἀλλὰ
1144 1009 1188 1092 μὴ

174 1114 436 1198 προεξαναστῆτε
464 1109 547 1198 μηδὲ
573 1115 802 1198 θορυβήσητε,
831 1111 912 1200 πρίν
939 1115 1070 1180 ἅπαντα
1091 1114 1188 1179 ἀκού-

176 1239 264 1306 σητε,
292 1220 313 1286 δ
340 1219 434 1303 λέγω.
480 1231 550 1296 τοῖς
576 1218 852 1305 αίρεθησομένοις
874 1217 928 1285 ἐπὶ
950 1222 1013 1305 τὴν
1043 1219 1184 1299 ἐξέτασιν

138 1337 234 1411 ιοτῆς
262 1328 371 1412 χώρας
400 1322 455 1391 καί
484 1328 701 1411 περιορισμὸν
731 1332 795 1391 είτε
823 1325 902 1390 δέκα
931 1325 1092 1411 ἀνδράσιν
1112 1323 1180 1391 είθ’

175 1429 388 1516 ὁσοισδήποτ’
421 1431 614 1518 ἐπιτρέψατε
637 1433 831 1515 διαγνῶναι,
857 1435 932 1497 τίνα
960 1430 988 1497 τ’
1015 1433 1112 1515 αὐτῆς
1134 1433 1185 1497 δεῖ

175 1538 230 1605 καὶ
253 1540 380 1623 ὁπόσην
402 1541 520 1623 κοινὴν
543 1534 629 1604 είναι
656 1539 791 1603 πάντων
814 1537 869 1602 καί
891 1541 974 1604 κατά
995 1542 1184 1604 πενταετίαν
1241 1587 1242 1626 ,

175 1643 405 1730 μισθουμένην
429 1645 543 1723 αὔξειν
560 1646 618 1720 τδς
639 1655 699 1710 τοῦ
716 1648 866 1729 ταμιείου
884 1647 1089 1728 προσόδους·
1111 1643 1183 1712 ὁπό-
1241 1633 1242 1714 Ῑ

176 1767 238 1835 σην
261 1747 290 1816 τ’
312 1746 355 1818 αὖ
375 1748 431 1815 καὶ
448 1751 567 1834 ἥντινα
585 1762 654 1828 τοίς
673 1751 830 1835 δημόταις
847 1750 942 1835 ἡμῶν
961 1752 1183 1837 διαιρεθῆναι·

134 1885 160 1926 τε
174 1856 217 1940 ἣν
237 1853 267 1921 δ’
289 1855 332 1922 ἀν
351 1855 472 1922 ἐκείνοι
495 1862 682 1942 κληροῦχον
700 1855 897 1935 ἀποδείξωσι
915 1867 989 1942 γῆν,
1013 1857 1100 1942 ὑμᾶς
1118 1859 1184 1922 δια-

174 1965 317 2046 γνόντας
331 1959 397 2027 είθ’
415 1963 537 2029 ἅπασιν
552 1959 617 2028 εδθ’
637 1955 687 2040 οἷς
705 1964 747 2047 δη
766 1960 872 2029 οὐκέτ’
896 1966 965 2030 ἔστι
983 1969 1108 2052 κλῆρος
1123 1969 1182 2028 είτε

174 2081 244 2146 τοῖς
267 2067 440 2154 ἐλάχιστον
463 2071 576 2154 ἔχουσι
598 2073 720 2154 τίμημα
747 2066 813 2135 εὗδ’
840 2070 929 2148 ὁπως
950 2070 993 2136 ἀν
1016 2072 1239 2155 βούλησθειοοο

175 2187 380 2259 κατανεῖμαι·
403 2179 482 2252 τοὺς
500 2173 531 2240 δ’
555 2175 687 2261 ὁριστὰς
705 2176 806 2260 αὐτῆς
823 2177 948 2261 ἀνδρας
970 2175 1027 2242 καί
1049 2180 1087 2242 τὸ
1110 2173 1182 2260 ὁμέ-

174 2305 273 2367 τερον
298 2285 470 2368 ψήφισμα,
497 2282 515 2347 δ
542 2280 618 2365 περὶ
647 2290 705 2365 τῆς
725 2286 924 2368 κληρουχίας
946 2282 1106 2367 ἐξοίσετε,
1132 2279 1182 2348 καί
1240 2367 1241 2376 χ

134 2416 161 2456 ιο
174 2381 289 2472 τᾶλλα,
311 2388 373 2453 ὅσα
396 2389 450 2453 δελ
469 2386 643 2471 γενέσθαι,
669 2387 781 2471 ἐπειδὴ
804 2391 928 2474 βραχὺς
951 2387 969 2453 ὁ
993 2391 1184 2473 λειπόμενός

174 2491 243 2558 ἐστι
274 2501 331 2576 τῆς
357 2492 458 2580 ἀρχῆς
484 2506 554 2570 τοῖς
582 2493 720 2570 ὑπάτοις
746 2497 883 2581 χρόνος,
913 2496 992 2570 τοὺς
1024 2497 1184 2570 εἰσιόντας

174 2598 330 2681 ὑπάτους,
349 2599 394 2675 ὡς
412 2599 454 2665 ἀν
473 2600 585 2677 αὐτοῖς
603 2601 759 2686 κράτιστα
778 2602 859 2686 δοκῇ
879 2599 977 2683 ἕξειν,
995 2599 1183 2666 ἐπιτελέσαι.

138 2701 251 2775 4οὔτε
275 2703 337 2786 γὰρ
363 2704 489 2787 όλίγων
510 2711 689 2790 τηλικαῦτα
718 2707 892 2792 πράγματα
915 2707 1020 2772 δεῖται
1043 2710 1182 2793 χρόνον,

174 2803 251 2867 οὔτε
274 2804 294 2885 ἡ
318 2815 382 2872 νῦν
406 2810 625 2887 στασιάζουσα
647 2810 731 2895 ἀρχὴ
755 2811 1071 2898 φρονιμώτερονάν
1089 2836 1183 2878 κατα-

133 2933 162 2972 οε
175 2905 279 2989 μάθοι
303 2909 343 2972 τὰ
367 2911 578 2998 συμφέροντα
601 2925 657 2999 τῆς
680 2914 748 3001 μετ’
776 2911 880 3001 αὐτὴν
903 2916 1182 3002 ἀποδειχθησομέ-

247 3100 260 3146 1
281 3100 461 3172 χαλεπώτερα
479 3103 526 3158 Bb
551 3108 781 3181 χαλεπάεεροιλί
887 3109 954 3163 λὸτ
969 3150 974 3161 .
991 3151 998 3163 .
1014 3150 1019 3160 .
1036 3125 1116 3163 σειαν
1138 3109 1181 3162 Ba
1239 3123 1240 3148 ³

173 3162 338 3242 ἀποτίσειαν
356 3169 382 3223 R
400 3173 593 3242 ἀπαντήσειαν
613 3179 772 3248 Stephanus
827 3178 954 3234 8πάντα
969 3177 991 3232 Ο
1006 3195 1076 3233 corr.
1092 3178 1180 3233 Κίεεε·
1239 3177 1240 3214 ³

171 3231 234 3320 llpg
303 3245 356 3293 ’11
377 3244 472 3308 αὐτοῖς
489 3246 537 3300 Bb
561 3251 647 3319 αὐτῆς
664 3251 690 3304 R
779 3256 812 3306 18
831 3251 895 3312 τοὸς
913 3249 944 3304 δὲ
968 3249 1081 3320 ὁριστὰς
1099 3251 1180 3318 αὐτῆς

173 3303 243 3357 ⁸⁶²⁰!
262 3305 369 3379 ἄνδρας
391 3316 543 3384 ἀποδεῖξαι
570 3336 593 3375 ο.
611 3321 715 3377 Reiske
805 3328 839 3376 23
859 3321 952 3389 ὀλίγον
975 3351 1009 3359 -
1033 3320 1135 3390 χρόνου
1158 3338 1178 3374 ο.

169 3368 346 3516 {ffifflssffi
365 3395 459 3452 p.171
554 3397 588 3445 25
607 3391 675 3462 μεθ’
697 3388 799 3463 ἑαυτὴν
818 3392 843 3444 Α
861 3391 930 3462 μετὰ
946 3390 1053 3458 ταύτην
1072 3391 1095 3443 Β
1114 3407 1178 3444 corr.
