2538 3884
162 213 228 277 312
585 210 754 264 -Θ-

162 392 239 440 σαν·
272 375 309 439 τὸ
340 369 376 438 δὲ
405 375 531 457 χωρίον
561 373 684 458 ἔρημον
715 371 751 437 οί
782 368 950 458 Τυρρηνοί
977 368 1183 456 παρέλαβον.

163 475 237 564 ἐμοὶ
263 473 324 564 μὲν
352 479 394 562 δή
418 477 436 544 ό
460 479 558 562 λόγος
581 471 678 554 οὗτος
699 479 891 562 πιστότερος
915 474 1070 562 ἐφαίνετο
1092 478 1183 542 πολὺ

163 592 223 652 τοῦ
245 582 422 671 προτέρου·
445 581 604 670 φέρονται
626 579 657 648 δ’
680 581 718 649 έν
741 593 885 670 γραφαῖς
901 580 1073 668 Ῥωμαίων
1090 581 1184 661 ἀξιο-

163 689 272 777 χρέοις
295 689 484 777 ἀμφότεροι.
1254 711 1255 718 “

135 819 149 860 5
229 796 332 862 XXII.
360 799 406 863 To
425 793 462 861 δὲ
482 797 733 879 συναπτόμενον
751 796 882 872 τούτοις
900 796 965 862 ὑπό
983 819 1087 862 τινων
1104 791 1177 861 οὔτ’

164 898 287 989 ἀληθές
315 903 356 970 ὃν
379 903 456 968 οὔτε
478 904 642 984 πιθανόν,
670 900 706 968 έκ
728 903 1004 987 παρακούσματος
1027 898 1068 966 δέ
1088 924 1184 977 τινος

163 1007 395 1093 πεπλασμένον
422 1007 487 1074 ὑπὸ
515 1017 576 1075 τοῦ
597 1010 767 1092 πλήθους,
793 1006 888 1087 ύξιον
910 1009 955 1092 μή
978 1012 1183 1094 παραλιπεῖν

165 1113 389 1192 ἀνεξέταστον.
430 1112 566 1199 λέγουσι
588 1115 652 1198 γὰρ
676 1115 718 1197 δή
741 1136 840 1197 τινες,
861 1124 930 1180 τῶν
952 1113 986 1192 ἓξ
1010 1111 1067 1179 καί
1090 1136 1184 1197 τρια·
1255 1109 1256 1148 ³

164 1223 287 1286 κοσίων
307 1222 446 1304 Φαβίων
469 1216 686 1302 ἀπολομένων
708 1218 759 1284 ὅτι
778 1219 815 1284 ἓν
833 1221 940 1303 μόνον
958 1218 1102 1303 ἐλείφθη
1121 1227 1184 1284 τοῦ

126 1348 152 1386 10
166 1324 285 1409 γένους
307 1327 454 1407 παιδίον,
476 1333 610 1411 πρᾶγμα
633 1324 675 1390 ού
693 1327 799 1409 μόνον
817 1323 999 1407 ἀπίθανον,
1023 1321 1185 1390 ἀλλὰκαὶ

125 1437 146 1501 2
165 1432 332 1500 ἀδύνατον
355 1431 553 1515 εἰσάγοντες.
599 1430 675 1496 ούτε
698 1431 762 1516 γὰρ
786 1427 944 1508 ἀτέκνους
965 1452 1000 1495 τε
1023 1429 1080 1496 καὶ
1103 1430 1184 1514 ἀγό-

165 1563 248 1624 μους
275 1540 421 1616 ύπαντας
448 1531 534 1604 εἶναι
561 1537 708 1603 δυνατὸν
734 1531 778 1620 ήν
804 1539 882 1614 τοὺς
909 1534 1110 1615 ἐξελθόντας
1136 1539 1244 1613 είςιεοι

165 1649 203 1712 τὸ
233 1647 398 1731 φρούριον
428 1646 586 1728 Φαβίους.
638 1641 656 1708 ό
684 1643 748 1727 γὰρ
776 1641 912 1729 ἀρχαῖος
939 1642 1051 1708 αὐτῶν
1079 1645 1184 1727 νόμος

166 1760 284 1834 γαμείν
306 1746 334 1814 τ’
355 1748 516 1833 ήνόγιιαζε
540 1751 619 1825 τοὺς
641 1746 679 1814 ἐν
700 1747 824 1836 ήλικίρι,
846 1744 965 1814 καὶτὰ
987 1750 1184 1832 γεννώμενα

30 1885 36 1904 x
70 1839 82 1852 '⁶
127 1874 152 1915 ιτ
165 1855 272 1920 πάντα
295 1854 475 1944 έπύγαγκες
497 1852 645 1940 τρέφειν·
669 1853 709 1920 ὃν
728 1853 790 1920 ούκ
808 1853 850 1920 ἂν
869 1855 978 1938 δήπου
996 1852 1184 1920 κατέλυσαν

166 1961 202 2028 οί
223 1960 347 2045 Φάβιοι
375 1963 473 2046 μόνοι
499 1959 755 2046 πεφυλαγμένον
778 1961 854 2047 ἄχρι
876 1969 935 2044 τῆς
958 1957 1088 2026 ἑαυτῶν
1111 1960 1184 2044 ήλι-

131 2071 239 2145 3κίας
260 2067 325 2134 ὑπὸ
347 2077 415 2134 τῶν
437 2064 598 2153 πατέρων.
641 2069 673 2133 εί
694 2064 731 2132 δὲ
754 2068 796 2151 δή
819 2064 875 2132 καὶ
898 2075 996 2132 τοῦτο
1018 2069 1099 2150 θείη
1122 2089 1185 2150 τις,

167 2171 238 2241 ἀλλ’
262 2173 369 2240 ἐκεῖνό
392 2169 423 2258 γ’
446 2172 508 2240 οὐκ
531 2172 573 2239 ἂν
596 2175 645 2238 ἐτι
669 2175 904 2259 συγχωρήσειε,
925 2175 963 2238 τὸ
987 2170 1064 2257 μηδ’
1087 2173 1185 2239 ἀδελ-

166 2283 253 2366 φοὺς
280 2280 391 2346 αὐτῶν
418 2274 508 2346 εἷναί
532 2295 620 2346 τισιν
646 2279 779 2364 ἡλικίαν
807 2280 854 2344 ἐτι
882 2279 1012 2345 παίδων
1036 2281 1186 2365 ἔχοντας.

128 2407 154 2447 εο
168 2389 291 2472 μύθοις
313 2387 376 2472 γὰρ
399 2387 442 2471 δή
464 2387 568 2453 ταῦτά
588 2409 626 2469 γε
648 2383 705 2450 καὶ
727 2385 916 2470 πλάσμασιν
939 2387 1025 2452 ἔοικε
1047 2391 1186 2474 θεατρι-

167 2503 247 2571 κοίς.
293 2493 328 2560 οί
355 2489 393 2558 δὲ
421 2491 559 2580 πατέρες
588 2490 715 2576 αὐτῶν,
744 2491 818 2558 ὅσοι
845 2493 967 2569 παῖδας
997 2492 1044 2556 ἐτι
1070 2505 1187 2558 ποιεῖν

168 2594 259 2685 είχον
280 2599 424 2684 ήλικίαν,
446 2599 608 2683 τοσαύτης
630 2599 855 2683 κατασχούσης
873 2600 912 2664 τὸ
930 2595 1027 2681 γένος
1045 2596 1188 2683 ἐρημίας

168 2705 230 2770 ούκ
257 2703 300 2770 ἂν
327 2703 457 2782 ἑκόντες
479 2727 513 2770 τε
537 2701 593 2770 καὶ
615 2705 750 2781 ἄκοντες
772 2700 906 2791 ἑτέρους
926 2705 1047 2781 παῖδας
1069 2701 1187 2789 έποιή-

170 2825 285 2892 σαντο,
306 2810 362 2874 ’ίνα
385 2812 465 2893 μήτε
489 2811 561 2898 ίερὰ
585 2809 744 2896 έκλειφθή
767 2820 901 2898 πατρῷα
924 2811 1004 2894 μήτε
1027 2808 1110 2887 δόξα
1129 2834 1187 2893 τη-

129 2899 306 3011 ,ξλικαύτη
338 2916 509 3000 όιαφθαρή
542 2913 675 2999 γένους;
713 2917 745 2980 εί
772 2916 816 2999 μή
847 2916 911 3002 όίρα
939 2911 1019 2981 οὐδὲ
1046 2914 1188 3001 πατέρες

169 3020 279 3087 αὐτῶν
297 3037 385 3085 τισιν
403 3018 585 3103 ἐλείποντο,
605 3021 689 3087 ἀλλὰ
707 3021 814 3087 πάντα
832 3022 880 3098 είς
897 3021 996 3087 ταύτὸ
1011 3027 1187 3106 συνῆλθεν

241 3248 307 3305 διὸ
326 3264 380 3304 om.
399 3248 446 3302 Ba
501 3253 515 3302 7
535 3247 592 3302 ἀπὸ
612 3247 634 3302 Ο
654 3263 723 3302 corr.
743 3247 846 3303 Reiske
863 3253 868 3315 ι
883 3249 1010 3318 ἀληθοῦς
1029 3247 1052 3303 Ο
1071 3251 1188 3318 praeter

168 3321 191 3375 B
261 3326 293 3376 12
313 3320 378 3382 τούς
395 3317 493 3374 om.A
562 3323 595 3372 14
613 3318 859 3392 γε<ννώ>μεναΒ
929 3325 962 3375 15
982 3314 1188 3394 ἐπύναγκ<ε>ς

168 3392 215 3522 138λέ
231 3396 322 3515 Bb19
341 3389 384 3446 ότι
401 3389 447 3445 Ba
466 3387 550 3444 ἐτιΒ
622 3395 656 3444 23
676 3384 874 3464 <έιι>όντ<ε>ς
892 3409 923 3460 γε
942 3389 1186 3462 ΒοΙύιιον....
