<?xml version="1.0" encoding="UTF-8"?>
<!DOCTYPE html PUBLIC "-//W3C//DTD XHTML 1.0 Transitional//EN"
    "http://www.w3.org/TR/xhtml1/DTD/xhtml1-transitional.dtd">
<html xmlns="http://www.w3.org/1999/xhtml" xml:lang="en" lang="en">
 <head>
  <title>
</title>
<meta http-equiv="Content-Type" content="text/html;charset=utf-8" />
  <meta name='ocr-system' content='tesseract 3.04.00' />
  <meta name='ocr-capabilities' content='ocr_page ocr_carea ocr_par ocr_line ocrx_word'/>
</head>
<body>
  <div class='ocr_page' id='page_1' title='image "./antiquitatumrom02jacogoog_0363.png"; bbox 0 0 2538 3884; ppageno 0'>
   <div class='ocr_carea' id='block_1_1' title="bbox 155 191 746 256">
    <p class='ocr_par' dir='ltr' id='par_1_1' title="bbox 155 191 746 256">
     <span class='ocr_line' id='line_1_1' title="bbox 155 191 746 256; baseline 0 0"><span class='ocrx_word' id='word_1_1' title='bbox 155 191 221 256; x_wconf 81' lang='lat'><strong><em>332</em></strong></span> <span class='ocrx_word' id='word_1_2' title='bbox 577 193 746 246; x_wconf 86' lang='grc' dir='ltr'><strong><em>-Θ-</em></strong></span> 
     </span>
    </p>
   </div>
   <div class='ocr_carea' id='block_1_2' title="bbox 115 350 1265 2960">
    <p class='ocr_par' dir='ltr' id='par_1_2' title="bbox 155 350 1184 441">
     <span class='ocr_line' id='line_1_2' title="bbox 155 350 1184 441; baseline 0.003 -24"><span class='ocrx_word' id='word_1_3' title='bbox 155 350 216 437; x_wconf 81' lang='grc' dir='ltr'><strong><em>μίν</em></strong></span> <span class='ocrx_word' id='word_1_4' title='bbox 234 377 271 435; x_wconf 82' lang='grc' dir='ltr'><strong><em>γε</em></strong></span> <span class='ocrx_word' id='word_1_5' title='bbox 289 359 495 438; x_wconf 79' lang='grc' dir='ltr'><strong><em>πολεμῶμεν,</em></strong></span> <span class='ocrx_word' id='word_1_6' title='bbox 517 358 594 432; x_wconf 91' lang='grc' dir='ltr'><strong><em>τοὺς</em></strong></span> <span class='ocrx_word' id='word_1_7' title='bbox 613 354 756 441; x_wconf 80' lang='grc' dir='ltr'><strong><em>ἐχθροὺς</em></strong></span> <span class='ocrx_word' id='word_1_8' title='bbox 773 367 881 432; x_wconf 85' lang='grc' dir='ltr'><strong><em>κακῶς</em></strong></span> <span class='ocrx_word' id='word_1_9' title='bbox 898 365 1073 440; x_wconf 80' lang='grc' dir='ltr'><strong><em>ποιοῦμεν,</em></strong></span> <span class='ocrx_word' id='word_1_10' title='bbox 1093 356 1184 422; x_wconf 84' lang='grc' dir='ltr'><strong><em>ὅταν</em></strong></span> 
     </span>
    </p>

    <p class='ocr_par' dir='ltr' id='par_1_3' title="bbox 119 455 1186 761">
     <span class='ocr_line' id='line_1_3' title="bbox 119 455 1186 546; baseline 0.003 -23"><span class='ocrx_word' id='word_1_11' title='bbox 119 455 187 524; x_wconf 77' lang='grc' dir='ltr'><strong><em>ὁδ’</em></strong></span> <span class='ocrx_word' id='word_1_12' title='bbox 215 461 353 544; x_wconf 77' lang='grc' dir='ltr'><strong><em>εἰρήνην</em></strong></span> <span class='ocrx_word' id='word_1_13' title='bbox 375 462 525 545; x_wconf 82' lang='grc' dir='ltr'><strong><em>ἀγωμεν,</em></strong></span> <span class='ocrx_word' id='word_1_14' title='bbox 546 464 625 538; x_wconf 81' lang='grc' dir='ltr'><strong><em>τοὺς</em></strong></span> <span class='ocrx_word' id='word_1_15' title='bbox 648 465 777 545; x_wconf 89' lang='grc' dir='ltr'><strong><em>φίλους.</em></strong></span> <span class='ocrx_word' id='word_1_16' title='bbox 823 467 946 544; x_wconf 89' lang='grc' dir='ltr'><strong><em>καίτοι,</em></strong></span> <span class='ocrx_word' id='word_1_17' title='bbox 970 457 996 526; x_wconf 78' lang='grc' dir='ltr'><strong><em>ὦ</em></strong></span> <span class='ocrx_word' id='word_1_18' title='bbox 1021 463 1186 546; x_wconf 76' lang='grc' dir='ltr'><strong><em>δημόται,</em></strong></span> 
     </span>
     <span class='ocr_line' id='line_1_4' title="bbox 155 561 1186 653; baseline 0.003 -24"><span class='ocrx_word' id='word_1_19' title='bbox 155 567 187 629; x_wconf 90' lang='grc' dir='ltr'><strong><em>εί</em></strong></span> <span class='ocrx_word' id='word_1_20' title='bbox 208 561 269 648; x_wconf 75' lang='grc' dir='ltr'><strong><em>μὲν</em></strong></span> <span class='ocrx_word' id='word_1_21' title='bbox 292 566 421 632; x_wconf 77' lang='grc' dir='ltr'><strong><em>ἅπαντα</em></strong></span> <span class='ocrx_word' id='word_1_22' title='bbox 443 568 483 633; x_wconf 89' lang='grc' dir='ltr'><strong><em>τά</em></strong></span> <span class='ocrx_word' id='word_1_23' title='bbox 506 569 716 652; x_wconf 82' lang='grc' dir='ltr'><strong><em>βουλεύματα</em></strong></span> <span class='ocrx_word' id='word_1_24' title='bbox 735 578 795 634; x_wconf 82' lang='grc' dir='ltr'><strong><em>τοῦ</em></strong></span> <span class='ocrx_word' id='word_1_25' title='bbox 813 569 996 653; x_wconf 76' lang='grc' dir='ltr'><strong><em>συνεδρίου</em></strong></span> <span class='ocrx_word' id='word_1_26' title='bbox 1014 570 1101 634; x_wconf 82' lang='grc' dir='ltr'><strong><em>καλά</em></strong></span> <span class='ocrx_word' id='word_1_27' title='bbox 1124 566 1186 633; x_wconf 86' lang='grc' dir='ltr'><strong><em>καὶ</em></strong></span> 
     </span>
     <span class='ocr_line' id='line_1_5' title="bbox 156 668 1185 761; baseline 0.005 -26"><span class='ocrx_word' id='word_1_28' title='bbox 156 668 369 756; x_wconf 81' lang='grc' dir='ltr'><strong><em>συμφέροντα</em></strong></span> <span class='ocrx_word' id='word_1_29' title='bbox 397 669 528 756; x_wconf 77' lang='grc' dir='ltr'><em>ἡγεῖσθ’</em></span> <span class='ocrx_word' id='word_1_30' title='bbox 558 669 661 758; x_wconf 83' lang='grc' dir='ltr'><strong><em>εἶναι,</em></strong></span> <span class='ocrx_word' id='word_1_31' title='bbox 694 674 803 760; x_wconf 82' lang='grc' dir='ltr'><strong><em>ὥσπερ</em></strong></span> <span class='ocrx_word' id='word_1_32' title='bbox 833 672 917 758; x_wconf 81' lang='grc' dir='ltr'><strong><em>ἐστί,</em></strong></span> <span class='ocrx_word' id='word_1_33' title='bbox 950 677 986 739; x_wconf 89' lang='grc' dir='ltr'><strong><em>τί</em></strong></span> <span class='ocrx_word' id='word_1_34' title='bbox 1013 673 1090 761; x_wconf 78' lang='grc' dir='ltr'><strong><em>οὐχὶ</em></strong></span> <span class='ocrx_word' id='word_1_35' title='bbox 1122 673 1185 740; x_wconf 85' lang='grc' dir='ltr'><strong><em>καὶ</em></strong></span> 
     </span>
    </p>

    <p class='ocr_par' dir='ltr' id='par_1_4' title="bbox 128 774 1264 1290">
     <span class='ocr_line' id='line_1_6' title="bbox 128 774 1184 865; baseline 0.005 -24"><span class='ocrx_word' id='word_1_36' title='bbox 128 774 252 842; x_wconf 80' lang='grc' dir='ltr'><strong><em>ιτοῦθ’</em></strong></span> <span class='ocrx_word' id='word_1_37' title='bbox 282 777 320 842; x_wconf 75' lang='grc' dir='ltr'><strong><em>ἓν</em></strong></span> <span class='ocrx_word' id='word_1_38' title='bbox 347 777 380 856; x_wconf 80' lang='grc' dir='ltr'><strong><em>ἐξ</em></strong></span> <span class='ocrx_word' id='word_1_39' title='bbox 409 779 518 843; x_wconf 82' lang='grc' dir='ltr'><strong><em>αὐτῶν</em></strong></span> <span class='ocrx_word' id='word_1_40' title='bbox 544 776 787 864; x_wconf 75' lang='grc' dir='ltr'><strong><em>ὑπολαμβάνετ’</em></strong></span> <span class='ocrx_word' id='word_1_41' title='bbox 814 775 915 858; x_wconf 84' lang='grc' dir='ltr'><strong><em>εἶναι;</em></strong></span> <span class='ocrx_word' id='word_1_42' title='bbox 949 781 980 844; x_wconf 89' lang='grc' dir='ltr'><strong><em>εί</em></strong></span> <span class='ocrx_word' id='word_1_43' title='bbox 1007 776 1046 845; x_wconf 75' lang='grc' dir='ltr'><strong><em>δὲ</em></strong></span> <span class='ocrx_word' id='word_1_44' title='bbox 1068 777 1184 865; x_wconf 74' lang='grc' dir='ltr'><strong><em>μηδὲν</em></strong></span> 
     </span>
     <span class='ocr_line' id='line_1_7' title="bbox 156 881 1264 971; baseline 0.002 -24"><span class='ocrx_word' id='word_1_45' title='bbox 156 881 267 959; x_wconf 82' lang='grc' dir='ltr'><strong><em>ἁπλῶς</em></strong></span> <span class='ocrx_word' id='word_1_46' title='bbox 289 884 351 966; x_wconf 77' lang='grc' dir='ltr'><strong><em>τὴν</em></strong></span> <span class='ocrx_word' id='word_1_47' title='bbox 373 885 502 968; x_wconf 76' lang='grc' dir='ltr'><strong><em>βουλὴν</em></strong></span> <span class='ocrx_word' id='word_1_48' title='bbox 525 895 591 950; x_wconf 79' lang='grc' dir='ltr'><strong><em>τῶν</em></strong></span> <span class='ocrx_word' id='word_1_49' title='bbox 615 886 762 952; x_wconf 79' lang='grc' dir='ltr'><strong><em>δεόντων</em></strong></span> <span class='ocrx_word' id='word_1_50' title='bbox 785 891 898 951; x_wconf 85' lang='grc' dir='ltr'><strong><em>οίεσθε</em></strong></span> <span class='ocrx_word' id='word_1_51' title='bbox 917 897 1071 971; x_wconf 77' lang='grc' dir='ltr'><strong><em>φρονεῖν,</em></strong></span> <span class='ocrx_word' id='word_1_52' title='bbox 1096 881 1264 951; x_wconf 50' lang='grc' dir='ltr'><strong><em>ἀλλίεεει</em></strong></span> 
     </span>
     <span class='ocr_line' id='line_1_8' title="bbox 156 988 1264 1086; baseline 0.004 -32"><span class='ocrx_word' id='word_1_53' title='bbox 156 992 300 1074; x_wconf 80' lang='grc' dir='ltr'><strong><em>αἰσχρῶς</em></strong></span> <span class='ocrx_word' id='word_1_54' title='bbox 322 988 377 1056; x_wconf 76' lang='grc' dir='ltr'><strong><em>καί</em></strong></span> <span class='ocrx_word' id='word_1_55' title='bbox 398 1001 505 1068; x_wconf 80' lang='grc' dir='ltr'><strong><em>κακῶς</em></strong></span> <span class='ocrx_word' id='word_1_56' title='bbox 522 992 584 1075; x_wconf 77' lang='grc' dir='ltr'><strong><em>την</em></strong></span> <span class='ocrx_word' id='word_1_57' title='bbox 602 994 701 1057; x_wconf 92' lang='grc' dir='ltr'><strong><em>πόλιν</em></strong></span> <span class='ocrx_word' id='word_1_58' title='bbox 720 991 961 1077; x_wconf 79' lang='grc' dir='ltr'><strong><em>ἐπιτροπεύειν,</em></strong></span> <span class='ocrx_word' id='word_1_59' title='bbox 982 996 1019 1058; x_wconf 87' lang='grc' dir='ltr'><strong><em>τί</em></strong></span> <span class='ocrx_word' id='word_1_60' title='bbox 1033 994 1077 1076; x_wconf 80' lang='grc' dir='ltr'><strong><em>δή</em></strong></span> <span class='ocrx_word' id='word_1_61' title='bbox 1097 988 1178 1058; x_wconf 85' lang='grc' dir='ltr'><strong><em>ποτ’</em></strong></span> <span class='ocrx_word' id='word_1_62' title='bbox 1263 1040 1264 1086; x_wconf 49' lang='grc' dir='ltr'><strong><em>η</em></strong></span> 
     </span>
     <span class='ocr_line' id='line_1_9' title="bbox 155 1090 1264 1184; baseline 0.007 -24"><span class='ocrx_word' id='word_1_63' title='bbox 155 1092 230 1179; x_wconf 77' lang='grc' dir='ltr'><strong><em>οὐχὶ</em></strong></span> <span class='ocrx_word' id='word_1_64' title='bbox 253 1097 534 1181; x_wconf 79' lang='grc' dir='ltr'><strong><em>μεταστησάμενοι</em></strong></span> <span class='ocrx_word' id='word_1_65' title='bbox 557 1098 664 1181; x_wconf 80' lang='grc' dir='ltr'><strong><em>αὐτὴν</em></strong></span> <span class='ocrx_word' id='word_1_66' title='bbox 685 1097 831 1182; x_wconf 85' lang='grc' dir='ltr'><strong><em>ἀθρόαν,</em></strong></span> <span class='ocrx_word' id='word_1_67' title='bbox 859 1096 956 1164; x_wconf 80' lang='grc' dir='ltr'><strong><em>αὐτοὶ</em></strong></span> <span class='ocrx_word' id='word_1_68' title='bbox 978 1100 1096 1184; x_wconf 80' lang='grc' dir='ltr'><strong><em>ἄρχετε</em></strong></span> <span class='ocrx_word' id='word_1_69' title='bbox 1120 1097 1183 1164; x_wconf 87' lang='grc' dir='ltr'><strong><em>καὶ</em></strong></span> <span class='ocrx_word' id='word_1_70' title='bbox 1263 1090 1264 1168; x_wconf 48' lang='grc' dir='ltr'><strong><em>δ</em></strong></span> 
     </span>
     <span class='ocr_line' id='line_1_10' title="bbox 155 1200 1264 1290; baseline 0.005 -24"><span class='ocrx_word' id='word_1_71' title='bbox 155 1201 330 1283; x_wconf 78' lang='grc' dir='ltr'><strong><em>βουλεύετε</em></strong></span> <span class='ocrx_word' id='word_1_72' title='bbox 357 1200 413 1267; x_wconf 83' lang='grc' dir='ltr'><strong><em>καὶ</em></strong></span> <span class='ocrx_word' id='word_1_73' title='bbox 439 1206 518 1280; x_wconf 84' lang='grc' dir='ltr'><strong><em>τοὺς</em></strong></span> <span class='ocrx_word' id='word_1_74' title='bbox 543 1200 628 1289; x_wconf 73' lang='grc' dir='ltr'><strong><em>ὑπὲρ</em></strong></span> <span class='ocrx_word' id='word_1_75' title='bbox 655 1213 713 1289; x_wconf 80' lang='grc' dir='ltr'><strong><em>τῆς</em></strong></span> <span class='ocrx_word' id='word_1_76' title='bbox 734 1204 912 1289; x_wconf 78' lang='grc' dir='ltr'><strong><em>ἡγεμονίας</em></strong></span> <span class='ocrx_word' id='word_1_77' title='bbox 933 1204 1100 1290; x_wconf 79' lang='grc' dir='ltr'><strong><em>πολέμους</em></strong></span> <span class='ocrx_word' id='word_1_78' title='bbox 1123 1205 1182 1270; x_wconf 80' lang='grc' dir='ltr'><strong><em>ἐκ·</em></strong></span> <span class='ocrx_word' id='word_1_79' title='bbox 1263 1241 1264 1248; x_wconf 44' lang='lat'>1</span> 
     </span>
    </p>

    <p class='ocr_par' dir='ltr' id='par_1_5' title="bbox 115 1306 1180 1608">
     <span class='ocr_line' id='line_1_11' title="bbox 115 1306 1180 1394; baseline 0.005 -25"><span class='ocrx_word' id='word_1_80' title='bbox 115 1329 142 1368; x_wconf 81' lang='grc' dir='ltr'><strong><em>ιο</em></strong></span> <span class='ocrx_word' id='word_1_81' title='bbox 156 1306 290 1391; x_wconf 83' lang='grc' dir='ltr'><strong><em>φέρετε,</em></strong></span> <span class='ocrx_word' id='word_1_82' title='bbox 316 1307 400 1373; x_wconf 85' lang='grc' dir='ltr'><strong><em>ἀλλά</em></strong></span> <span class='ocrx_word' id='word_1_83' title='bbox 427 1313 626 1394; x_wconf 81' lang='grc' dir='ltr'><strong><em>περικνίζετε</em></strong></span> <span class='ocrx_word' id='word_1_84' title='bbox 654 1311 759 1394; x_wconf 83' lang='grc' dir='ltr'><strong><em>αὑτὴν</em></strong></span> <span class='ocrx_word' id='word_1_85' title='bbox 786 1309 842 1376; x_wconf 85' lang='grc' dir='ltr'><strong><em>καὶ</em></strong></span> <span class='ocrx_word' id='word_1_86' title='bbox 868 1311 951 1375; x_wconf 82' lang='grc' dir='ltr'><strong><em>κατὰ</em></strong></span> <span class='ocrx_word' id='word_1_87' title='bbox 976 1311 1077 1394; x_wconf 86' lang='grc' dir='ltr'><strong><em>μικρά</em></strong></span> <span class='ocrx_word' id='word_1_88' title='bbox 1100 1312 1180 1375; x_wconf 89' lang='grc' dir='ltr'><strong><em>δια-</em></strong></span> 
     </span>
     <span class='ocr_line' id='line_1_12' title="bbox 155 1413 1179 1501; baseline 0.004 -23"><span class='ocrx_word' id='word_1_89' title='bbox 155 1413 249 1478; x_wconf 84' lang='grc' dir='ltr'><strong><em>λύετε</em></strong></span> <span class='ocrx_word' id='word_1_90' title='bbox 267 1416 347 1492; x_wconf 89' lang='grc' dir='ltr'><strong><em>τοὺς</em></strong></span> <span class='ocrx_word' id='word_1_91' title='bbox 362 1413 644 1500; x_wconf 80' lang='grc' dir='ltr'><strong><em>ἐπιφανεστάτους</em></strong></span> <span class='ocrx_word' id='word_1_92' title='bbox 658 1415 899 1501; x_wconf 77' lang='grc' dir='ltr'><strong><em>ἀναρπάζοντες</em></strong></span> <span class='ocrx_word' id='word_1_93' title='bbox 913 1415 951 1481; x_wconf 80' lang='grc' dir='ltr'><strong><em>ἐν</em></strong></span> <span class='ocrx_word' id='word_1_94' title='bbox 964 1427 1036 1493; x_wconf 89' lang='grc' dir='ltr'><strong><em>ταῖς</em></strong></span> <span class='ocrx_word' id='word_1_95' title='bbox 1050 1418 1179 1494; x_wconf 86' lang='grc' dir='ltr'><strong><em>δίκαις;</em></strong></span> 
     </span>
     <span class='ocr_line' id='line_1_13' title="bbox 155 1517 1179 1608; baseline 0.004 -24"><span class='ocrx_word' id='word_1_96' title='bbox 155 1521 293 1603; x_wconf 87' lang='grc' dir='ltr'><strong><em>ἀμεινον</em></strong></span> <span class='ocrx_word' id='word_1_97' title='bbox 325 1521 388 1608; x_wconf 84' lang='grc' dir='ltr'><strong><em>γάρ</em></strong></span> <span class='ocrx_word' id='word_1_98' title='bbox 418 1517 461 1605; x_wconf 76' lang='grc' dir='ltr'><strong><em>ἦν</em></strong></span> <span class='ocrx_word' id='word_1_99' title='bbox 491 1522 614 1587; x_wconf 89' lang='grc' dir='ltr'><strong><em>ἀπασιν</em></strong></span> <span class='ocrx_word' id='word_1_100' title='bbox 643 1522 725 1607; x_wconf 79' lang='grc' dir='ltr'><strong><em>ἡμῖν</em></strong></span> <span class='ocrx_word' id='word_1_101' title='bbox 754 1531 850 1608; x_wconf 79' lang='grc' dir='ltr'><strong><em>κοινῇ</em></strong></span> <span class='ocrx_word' id='word_1_102' title='bbox 879 1526 1122 1606; x_wconf 85' lang='grc' dir='ltr'><strong><em>πολεμεῖσθαι,</em></strong></span> <span class='ocrx_word' id='word_1_103' title='bbox 1156 1523 1179 1608; x_wconf 83' lang='grc' dir='ltr'><strong><em>ἢ</em></strong></span> 
     </span>
    </p>

    <p class='ocr_par' dir='ltr' id='par_1_6' title="bbox 120 1623 1178 1821">
     <span class='ocr_line' id='line_1_14' title="bbox 120 1623 1178 1716; baseline 0.001 -23"><span class='ocrx_word' id='word_1_104' title='bbox 120 1623 231 1694; x_wconf 89' lang='grc' dir='ltr'><strong><em>6καθ’</em></strong></span> <span class='ocrx_word' id='word_1_105' title='bbox 255 1625 313 1692; x_wconf 79' lang='grc' dir='ltr'><strong><em>ἕνα</em></strong></span> <span class='ocrx_word' id='word_1_106' title='bbox 337 1627 475 1694; x_wconf 81' lang='grc' dir='ltr'><strong><em>ἕκαστον</em></strong></span> <span class='ocrx_word' id='word_1_107' title='bbox 499 1630 569 1716; x_wconf 78' lang='grc' dir='ltr'><strong><em>ἰδίᾳ</em></strong></span> <span class='ocrx_word' id='word_1_108' title='bbox 592 1636 886 1715; x_wconf 80' lang='grc' dir='ltr'><strong><em>συκοφαντεῖσθαι.</em></strong></span> <span class='ocrx_word' id='word_1_109' title='bbox 924 1629 1008 1695; x_wconf 89' lang='grc' dir='ltr'><strong><em>ἀλλά</em></strong></span> <span class='ocrx_word' id='word_1_110' title='bbox 1026 1631 1092 1715; x_wconf 77' lang='grc' dir='ltr'><strong><em>γὰρ</em></strong></span> <span class='ocrx_word' id='word_1_111' title='bbox 1111 1631 1178 1715; x_wconf 87' lang='grc' dir='ltr'><strong><em>οὐχ</em></strong></span> 
     </span>
     <span class='ocr_line' id='line_1_15' title="bbox 154 1732 1177 1821; baseline 0.006 -25"><span class='ocrx_word' id='word_1_112' title='bbox 154 1732 250 1815; x_wconf 89' lang='grc' dir='ltr'><strong><em>ὑμεῖς</em></strong></span> <span class='ocrx_word' id='word_1_113' title='bbox 272 1738 372 1797; x_wconf 88' lang='grc' dir='ltr'><strong><em>αῖτιοι</em></strong></span> <span class='ocrx_word' id='word_1_114' title='bbox 394 1735 539 1819; x_wconf 85' lang='grc' dir='ltr'><strong><em>τούτων,</em></strong></span> <span class='ocrx_word' id='word_1_115' title='bbox 567 1736 678 1821; x_wconf 80' lang='grc' dir='ltr'><strong><em>ὥσπερ</em></strong></span> <span class='ocrx_word' id='word_1_116' title='bbox 702 1738 804 1821; x_wconf 79' lang='grc' dir='ltr'><strong><em>ἔφην,</em></strong></span> <span class='ocrx_word' id='word_1_117' title='bbox 831 1733 903 1800; x_wconf 87' lang='grc' dir='ltr'><strong><em>ἀλλ’</em></strong></span> <span class='ocrx_word' id='word_1_118' title='bbox 932 1736 968 1801; x_wconf 77' lang='grc' dir='ltr'><strong><em>οἱ</em></strong></span> <span class='ocrx_word' id='word_1_119' title='bbox 989 1737 1177 1820; x_wconf 88' lang='grc' dir='ltr'><strong><em>συνταράτ-</em></strong></span> 
     </span>
    </p>

    <p class='ocr_par' dir='ltr' id='par_1_7' title="bbox 115 1837 1177 1927">
     <span class='ocr_line' id='line_1_16' title="bbox 115 1837 1177 1927; baseline 0.009 -29"><span class='ocrx_word' id='word_1_120' title='bbox 115 1856 140 1897; x_wconf 85' lang='lat'><strong><em>15</em></strong></span> <span class='ocrx_word' id='word_1_121' title='bbox 154 1859 266 1913; x_wconf 88' lang='grc' dir='ltr'><strong><em>τοντες</em></strong></span> <span class='ocrx_word' id='word_1_122' title='bbox 301 1837 388 1921; x_wconf 84' lang='grc' dir='ltr'><strong><em>ὑμᾶς</em></strong></span> <span class='ocrx_word' id='word_1_123' title='bbox 424 1839 616 1925; x_wconf 82' lang='grc' dir='ltr'><strong><em>δημαγωγοὶ</em></strong></span> <span class='ocrx_word' id='word_1_124' title='bbox 652 1839 722 1908; x_wconf 77' lang='grc' dir='ltr'><strong><em>οὔτ’</em></strong></span> <span class='ocrx_word' id='word_1_125' title='bbox 755 1843 917 1927; x_wconf 74' lang='grc' dir='ltr'><strong><em>ἄρχεσθαι</em></strong></span> <span class='ocrx_word' id='word_1_126' title='bbox 949 1839 1177 1927; x_wconf 82' lang='grc' dir='ltr'><strong><em>ὑπομένοντες</em></strong></span> 
     </span>
    </p>

    <p class='ocr_par' dir='ltr' id='par_1_8' title="bbox 118 1939 1265 2349">
     <span class='ocr_line' id='line_1_17' title="bbox 118 1939 1176 2032; baseline 0.004 -24"><span class='ocrx_word' id='word_1_127' title='bbox 118 2018 120 2024; x_wconf 42' lang='grc'><strong>,</strong></span> <span class='ocrx_word' id='word_1_128' title='bbox 155 1939 228 2008; x_wconf 76' lang='grc' dir='ltr'><strong><em>οὔτ’</em></strong></span> <span class='ocrx_word' id='word_1_129' title='bbox 261 1944 375 2028; x_wconf 85' lang='grc' dir='ltr'><strong><em>ἀρχειν</em></strong></span> <span class='ocrx_word' id='word_1_130' title='bbox 408 1944 542 2021; x_wconf 82' lang='grc' dir='ltr'><strong><em>ε’ίδότες.</em></strong></span> <span class='ocrx_word' id='word_1_131' title='bbox 591 1943 647 2010; x_wconf 84' lang='grc' dir='ltr'><strong><em>καὶ</em></strong></span> <span class='ocrx_word' id='word_1_132' title='bbox 678 1945 759 2011; x_wconf 83' lang='grc' dir='ltr'><strong><em>ὅσον</em></strong></span> <span class='ocrx_word' id='word_1_133' title='bbox 791 1942 853 2030; x_wconf 72' lang='grc' dir='ltr'><strong><em>μὲν</em></strong></span> <span class='ocrx_word' id='word_1_134' title='bbox 885 1943 938 2012; x_wconf 79' lang='grc' dir='ltr'><strong><em>ἐπὶ</em></strong></span> <span class='ocrx_word' id='word_1_135' title='bbox 970 1955 1010 2032; x_wconf 74' lang='grc' dir='ltr'><strong><em>τῇ</em></strong></span> <span class='ocrx_word' id='word_1_136' title='bbox 1042 1948 1176 2014; x_wconf 82' lang='grc' dir='ltr'><strong><em>τούτοιν</em></strong></span> 
     </span>
     <span class='ocr_line' id='line_1_18' title="bbox 156 2048 1175 2138; baseline 0.007 -26"><span class='ocrx_word' id='word_1_137' title='bbox 156 2048 333 2135; x_wconf 82' lang='grc' dir='ltr'><strong><em>ἀφροσύνη</em></strong></span> <span class='ocrx_word' id='word_1_138' title='bbox 360 2072 395 2114; x_wconf 89' lang='grc' dir='ltr'><strong><em>τε</em></strong></span> <span class='ocrx_word' id='word_1_139' title='bbox 422 2048 477 2115; x_wconf 80' lang='grc' dir='ltr'><strong><em>καὶ</em></strong></span> <span class='ocrx_word' id='word_1_140' title='bbox 507 2050 640 2138; x_wconf 82' lang='grc' dir='ltr'><strong><em>ἀπειρίᾳ</em></strong></span> <span class='ocrx_word' id='word_1_141' title='bbox 665 2051 825 2129; x_wconf 84' lang='grc' dir='ltr'><strong><em>πολλάκις</em></strong></span> <span class='ocrx_word' id='word_1_142' title='bbox 851 2051 894 2117; x_wconf 80' lang='grc' dir='ltr'><strong><em>ἀν</em></strong></span> <span class='ocrx_word' id='word_1_143' title='bbox 921 2053 1002 2136; x_wconf 87' lang='grc' dir='ltr'><strong><em>ὑμῖν</em></strong></span> <span class='ocrx_word' id='word_1_144' title='bbox 1029 2055 1108 2119; x_wconf 90' lang='grc' dir='ltr'><strong><em>τόδε</em></strong></span> <span class='ocrx_word' id='word_1_145' title='bbox 1136 2056 1175 2119; x_wconf 90' lang='grc' dir='ltr'><strong><em>τὸ</em></strong></span> 
     </span>
     <span class='ocr_line' id='line_1_19' title="bbox 155 2155 1177 2244; baseline 0.004 -24"><span class='ocrx_word' id='word_1_146' title='bbox 155 2156 281 2240; x_wconf 88' lang='grc' dir='ltr'><strong><em>σκάφος</em></strong></span> <span class='ocrx_word' id='word_1_147' title='bbox 303 2155 486 2240; x_wconf 87' lang='grc' dir='ltr'><strong><em>ἀνετράπη,</em></strong></span> <span class='ocrx_word' id='word_1_148' title='bbox 513 2165 578 2224; x_wconf 87' lang='grc' dir='ltr'><strong><em>νῦν</em></strong></span> <span class='ocrx_word' id='word_1_149' title='bbox 601 2155 632 2221; x_wconf 86' lang='grc' dir='ltr'><strong><em>δ’</em></strong></span> <span class='ocrx_word' id='word_1_150' title='bbox 658 2158 679 2240; x_wconf 83' lang='grc' dir='ltr'><strong><em>ἡ</em></strong></span> <span class='ocrx_word' id='word_1_151' title='bbox 703 2158 744 2222; x_wconf 80' lang='grc' dir='ltr'><strong><em>τά</em></strong></span> <span class='ocrx_word' id='word_1_152' title='bbox 766 2159 894 2223; x_wconf 85' lang='grc' dir='ltr'><strong><em>τούτων</em></strong></span> <span class='ocrx_word' id='word_1_153' title='bbox 918 2159 1095 2244; x_wconf 90' lang='grc' dir='ltr'><strong><em>σφάλματα</em></strong></span> <span class='ocrx_word' id='word_1_154' title='bbox 1119 2159 1177 2224; x_wconf 77' lang='grc' dir='ltr'><strong><em>ἐπ-</em></strong></span> 
     </span>
     <span class='ocr_line' id='line_1_20' title="bbox 156 2259 1176 2349; baseline 0.005 -24"><span class='ocrx_word' id='word_1_155' title='bbox 156 2268 349 2346; x_wconf 90' lang='grc' dir='ltr'><strong><em>ανορθοῦσα</em></strong></span> <span class='ocrx_word' id='word_1_156' title='bbox 385 2259 438 2326; x_wconf 77' lang='grc' dir='ltr'><strong><em>καὶ</em></strong></span> <span class='ocrx_word' id='word_1_157' title='bbox 477 2262 514 2326; x_wconf 82' lang='grc' dir='ltr'><strong><em>ἐν</em></strong></span> <span class='ocrx_word' id='word_1_158' title='bbox 550 2262 638 2347; x_wconf 71' lang='grc' dir='ltr'><strong><em>ὀρθῇ</em></strong></span> <span class='ocrx_word' id='word_1_159' title='bbox 670 2262 860 2349; x_wconf 77' lang='grc' dir='ltr'><strong><em>παρέχουσα</em></strong></span> <span class='ocrx_word' id='word_1_160' title='bbox 891 2263 972 2348; x_wconf 89' lang='grc' dir='ltr'><strong><em>ὑμῖν</em></strong></span> <span class='ocrx_word' id='word_1_161' title='bbox 1003 2274 1043 2349; x_wconf 78' lang='grc' dir='ltr'><strong><em>τῇ</em></strong></span> <span class='ocrx_word' id='word_1_162' title='bbox 1076 2267 1176 2330; x_wconf 91' lang='grc' dir='ltr'><strong><em>πόλει</em></strong></span> 
     </span>
    </p>

    <p class='ocr_par' dir='ltr' id='par_1_9' title="bbox 115 2367 1265 2451">
     <span class='ocr_line' id='line_1_21' title="bbox 115 2367 1265 2451; baseline 0.008 -25"><span class='ocrx_word' id='word_1_163' title='bbox 115 2387 141 2426; x_wconf 83' lang='grc' dir='ltr'><strong><em>ιο</em></strong></span> <span class='ocrx_word' id='word_1_164' title='bbox 155 2367 307 2451; x_wconf 86' lang='grc' dir='ltr'><strong><em>&lt;πλεῖν&gt;,</em></strong></span> <span class='ocrx_word' id='word_1_165' title='bbox 336 2367 356 2450; x_wconf 79' lang='grc' dir='ltr'>ἡ</span> <span class='ocrx_word' id='word_1_166' title='bbox 386 2372 522 2432; x_wconf 88' lang='grc' dir='ltr'><strong><em>πλεῖστα</em></strong></span> <span class='ocrx_word' id='word_1_167' title='bbox 552 2369 647 2435; x_wconf 77' lang='grc' dir='ltr'><strong><em>δεινὰ</em></strong></span> <span class='ocrx_word' id='word_1_168' title='bbox 676 2367 732 2436; x_wconf 88' lang='grc' dir='ltr'><strong><em>ὑπ’</em></strong></span> <span class='ocrx_word' id='word_1_169' title='bbox 759 2371 872 2436; x_wconf 82' lang='grc' dir='ltr'><strong><em>αὐτῶν</em></strong></span> <span class='ocrx_word' id='word_1_170' title='bbox 902 2370 1072 2437; x_wconf 87' lang='grc' dir='ltr'><strong><em>ἀκούουσά</em></strong></span> <span class='ocrx_word' id='word_1_171' title='bbox 1102 2370 1176 2437; x_wconf 81' lang='grc' dir='ltr'><strong><em>ἐστι</em></strong></span> <span class='ocrx_word' id='word_1_172' title='bbox 1264 2376 1265 2394; x_wconf 69' lang='grc'>’</span> 
     </span>
    </p>

    <p class='ocr_par' dir='ltr' id='par_1_10' title="bbox 121 2470 1240 2879">
     <span class='ocr_line' id='line_1_22' title="bbox 121 2470 1174 2562; baseline 0.002 -22"><span class='ocrx_word' id='word_1_173' title='bbox 121 2477 138 2540; x_wconf 82' lang='grc'>7</span> <span class='ocrx_word' id='word_1_174' title='bbox 155 2475 270 2557; x_wconf 83' lang='grc' dir='ltr'><strong><em>βουλή.</em></strong></span> <span class='ocrx_word' id='word_1_175' title='bbox 302 2470 392 2539; x_wconf 89' lang='grc' dir='ltr'><strong><em>ταῦτ’</em></strong></span> <span class='ocrx_word' id='word_1_176' title='bbox 412 2471 478 2538; x_wconf 84' lang='grc' dir='ltr'><strong><em>είθ’</em></strong></span> <span class='ocrx_word' id='word_1_177' title='bbox 499 2471 581 2556; x_wconf 78' lang='grc' dir='ltr'><strong><em>ἡδέα</em></strong></span> <span class='ocrx_word' id='word_1_178' title='bbox 600 2473 690 2542; x_wconf 80' lang='grc' dir='ltr'><strong><em>ἐστὶν</em></strong></span> <span class='ocrx_word' id='word_1_179' title='bbox 707 2476 789 2561; x_wconf 90' lang='grc' dir='ltr'><strong><em>ὑμῖν</em></strong></span> <span class='ocrx_word' id='word_1_180' title='bbox 807 2475 944 2543; x_wconf 86' lang='grc' dir='ltr'><strong><em>ἀκούειν</em></strong></span> <span class='ocrx_word' id='word_1_181' title='bbox 962 2473 1021 2541; x_wconf 75' lang='grc' dir='ltr'><strong><em>εἴτ’</em></strong></span> <span class='ocrx_word' id='word_1_182' title='bbox 1039 2475 1174 2562; x_wconf 91' lang='grc' dir='ltr'><strong><em>ἀνιαρά,</em></strong></span> 
     </span>
     <span class='ocr_line' id='line_1_23' title="bbox 156 2578 1173 2667; baseline 0.003 -24"><span class='ocrx_word' id='word_1_183' title='bbox 156 2580 235 2662; x_wconf 86' lang='grc' dir='ltr'><strong><em>μετά</em></strong></span> <span class='ocrx_word' id='word_1_184' title='bbox 258 2579 365 2662; x_wconf 85' lang='grc' dir='ltr'><strong><em>πάσης</em></strong></span> <span class='ocrx_word' id='word_1_185' title='bbox 386 2578 547 2665; x_wconf 79' lang='grc' dir='ltr'><strong><em>ἀληθείας</em></strong></span> <span class='ocrx_word' id='word_1_186' title='bbox 569 2586 698 2666; x_wconf 80' lang='grc' dir='ltr'><strong><em>εἴρηταί</em></strong></span> <span class='ocrx_word' id='word_1_187' title='bbox 717 2605 775 2666; x_wconf 93' lang='grc' dir='ltr'><strong><em>μοι</em></strong></span> <span class='ocrx_word' id='word_1_188' title='bbox 797 2585 852 2647; x_wconf 81' lang='grc' dir='ltr'><strong><em>καὶ</em></strong></span> <span class='ocrx_word' id='word_1_189' title='bbox 875 2585 1083 2667; x_wconf 88' lang='grc' dir='ltr'><strong><em>τετόλμηται·</em></strong></span> <span class='ocrx_word' id='word_1_190' title='bbox 1115 2581 1173 2648; x_wconf 79' lang='grc' dir='ltr'><strong><em>καὶ</em></strong></span> 
     </span>
     <span class='ocr_line' id='line_1_24' title="bbox 155 2685 1240 2777; baseline 0.003 -28"><span class='ocrx_word' id='word_1_191' title='bbox 155 2689 282 2769; x_wconf 85' lang='grc' dir='ltr'><strong><em>μᾶλλον</em></strong></span> <span class='ocrx_word' id='word_1_192' title='bbox 309 2685 465 2770; x_wconf 88' lang='grc' dir='ltr'><strong><em>αίροίμην</em></strong></span> <span class='ocrx_word' id='word_1_193' title='bbox 492 2685 534 2751; x_wconf 84' lang='grc' dir='ltr'><strong><em>ἀν</em></strong></span> <span class='ocrx_word' id='word_1_194' title='bbox 560 2691 729 2774; x_wconf 79' lang='grc' dir='ltr'><strong><em>παρρησίᾳ</em></strong></span> <span class='ocrx_word' id='word_1_195' title='bbox 756 2689 972 2775; x_wconf 77' lang='grc' dir='ltr'><strong><em>συμφερούσῃ</em></strong></span> <span class='ocrx_word' id='word_1_196' title='bbox 998 2697 1044 2775; x_wconf 80' lang='grc' dir='ltr'><strong><em>τῷ</em></strong></span> <span class='ocrx_word' id='word_1_197' title='bbox 1067 2698 1240 2777; x_wconf 72' lang='grc' dir='ltr'><strong><em>κοινῷιεει</em></strong></span> 
     </span>
     <span class='ocr_line' id='line_1_25' title="bbox 155 2789 1174 2879; baseline 0.007 -25"><span class='ocrx_word' id='word_1_198' title='bbox 155 2791 324 2873; x_wconf 82' lang='grc' dir='ltr'><strong><em>χρώμενος</em></strong></span> <span class='ocrx_word' id='word_1_199' title='bbox 351 2789 552 2876; x_wconf 82' lang='grc' dir='ltr'><strong><em>ἀποθανεῖν,</em></strong></span> <span class='ocrx_word' id='word_1_200' title='bbox 581 2791 601 2875; x_wconf 80' lang='grc' dir='ltr'><em>ἢ</em></span> <span class='ocrx_word' id='word_1_201' title='bbox 628 2792 669 2857; x_wconf 79' lang='grc' dir='ltr'><strong><em>τά</em></strong></span> <span class='ocrx_word' id='word_1_202' title='bbox 694 2796 778 2878; x_wconf 89' lang='grc' dir='ltr'><strong><em>πρὸς</em></strong></span> <span class='ocrx_word' id='word_1_203' title='bbox 804 2793 932 2877; x_wconf 77' lang='grc' dir='ltr'><strong><em>ἡδονὴν</em></strong></span> <span class='ocrx_word' id='word_1_204' title='bbox 957 2793 1040 2879; x_wconf 89' lang='grc' dir='ltr'><strong><em>ὑμῖν</em></strong></span> <span class='ocrx_word' id='word_1_205' title='bbox 1063 2793 1174 2877; x_wconf 81' lang='grc' dir='ltr'><strong><em>λέγων</em></strong></span> 
     </span>
    </p>

    <p class='ocr_par' dir='ltr' id='par_1_11' title="bbox 115 2896 355 2960">
     <span class='ocr_line' id='line_1_26' title="bbox 115 2896 355 2960; baseline 0.013 -3"><span class='ocrx_word' id='word_1_206' title='bbox 115 2915 142 2957; x_wconf 79' lang='grc' dir='ltr'><strong><em>ιε</em></strong></span> <span class='ocrx_word' id='word_1_207' title='bbox 155 2896 355 2960; x_wconf 81' lang='grc' dir='ltr'><strong><em>σεσῶσθαι.“</em></strong></span> 
     </span>
    </p>
   </div>
   <div class='ocr_carea' id='block_1_3' title="bbox 155 3156 1173 3515">
    <p class='ocr_par' dir='ltr' id='par_1_12' title="bbox 155 3156 1173 3515">
     <span class='ocr_line' id='line_1_27' title="bbox 227 3156 1173 3236; baseline 0.006 -22"><span class='ocrx_word' id='word_1_208' title='bbox 227 3158 335 3214; x_wconf 85' lang='grc' dir='ltr'><strong><em>3καλά</em></strong></span> <span class='ocrx_word' id='word_1_209' title='bbox 354 3159 404 3214; x_wconf 80' lang='grc' dir='ltr'><strong><em>καὶ</em></strong></span> <span class='ocrx_word' id='word_1_210' title='bbox 422 3160 514 3215; x_wconf 90' lang='lat' dir='ltr'><strong>om.B</strong></span> <span class='ocrx_word' id='word_1_211' title='bbox 569 3157 634 3228; x_wconf 75' lang='grc' dir='ltr'><strong><em>όίξ</em></strong></span> <span class='ocrx_word' id='word_1_212' title='bbox 654 3156 794 3232; x_wconf 73' lang='grc' dir='ltr'><strong><em>ἑκατέρων</em></strong></span> <span class='ocrx_word' id='word_1_213' title='bbox 812 3161 858 3215; x_wconf 79' lang='lat' dir='ltr'><strong><em>Ba</em></strong></span> <span class='ocrx_word' id='word_1_214' title='bbox 877 3157 907 3228; x_wconf 77' lang='grc' dir='ltr'><strong><em>ἐξ</em></strong></span> <span class='ocrx_word' id='word_1_215' title='bbox 926 3163 1017 3217; x_wconf 81' lang='grc' dir='ltr'><strong><em>αὑτῶν</em></strong></span> <span class='ocrx_word' id='word_1_216' title='bbox 1034 3162 1060 3216; x_wconf 79' lang='lat' dir='ltr'>R</span> <span class='ocrx_word' id='word_1_217' title='bbox 1075 3163 1079 3236; x_wconf 91' lang='grc' dir='ltr'>Ι</span> <span class='ocrx_word' id='word_1_218' title='bbox 1097 3162 1173 3220; x_wconf 82' lang='grc' dir='ltr'><strong><em>εἶναι</em></strong></span> 
     </span>
     <span class='ocr_line' id='line_1_28' title="bbox 155 3227 1172 3304; baseline 0.003 -18"><span class='ocrx_word' id='word_1_219' title='bbox 155 3232 210 3288; x_wconf 85' lang='lat' dir='ltr'><strong>del.</strong></span> <span class='ocrx_word' id='word_1_220' title='bbox 222 3231 311 3286; x_wconf 65' lang='lat' dir='ltr'>Cobeb</span> <span class='ocrx_word' id='word_1_221' title='bbox 325 3229 390 3287; x_wconf 86' lang='lat' dir='ltr'>Obs.</span> <span class='ocrx_word' id='word_1_222' title='bbox 405 3250 432 3301; x_wconf 87' lang='lat' dir='ltr'><strong><em>p.</em></strong></span> <span class='ocrx_word' id='word_1_223' title='bbox 445 3238 495 3286; x_wconf 82' lang='grc'><strong><em>179</em></strong></span> <span class='ocrx_word' id='word_1_224' title='bbox 548 3237 580 3286; x_wconf 80' lang='lat'><strong><em>12</em></strong></span> <span class='ocrx_word' id='word_1_225' title='bbox 595 3227 632 3302; x_wconf 76' lang='grc' dir='ltr'><strong><em>ἦν</em></strong></span> <span class='ocrx_word' id='word_1_226' title='bbox 646 3249 699 3290; x_wconf 86' lang='lat' dir='ltr'><strong><em>om.</em></strong></span> <span class='ocrx_word' id='word_1_227' title='bbox 711 3234 734 3287; x_wconf 93' lang='lat' dir='ltr'>B</span> <span class='ocrx_word' id='word_1_228' title='bbox 787 3237 819 3288; x_wconf 83' lang='lat'><strong><em>15</em></strong></span> <span class='ocrx_word' id='word_1_229' title='bbox 833 3233 996 3304; x_wconf 79' lang='grc' dir='ltr'><strong><em>δημαγωγοὶ</em></strong></span> <span class='ocrx_word' id='word_1_230' title='bbox 1009 3234 1059 3288; x_wconf 81' lang='grc' dir='ltr'><strong><em>καὶ</em></strong></span> <span class='ocrx_word' id='word_1_231' title='bbox 1073 3235 1172 3291; x_wconf 85' lang='grc' dir='ltr'><strong><em>ούτεΒ</em></strong></span> 
     </span>
     <span class='ocr_line' id='line_1_29' title="bbox 156 3301 1173 3374; baseline 0.005 -17"><span class='ocrx_word' id='word_1_232' title='bbox 156 3310 189 3358; x_wconf 89' lang='grc'><strong><em>18</em></strong></span> <span class='ocrx_word' id='word_1_233' title='bbox 209 3302 244 3374; x_wconf 81' lang='grc' dir='ltr'><strong><em>δὴ</em></strong></span> <span class='ocrx_word' id='word_1_234' title='bbox 264 3303 311 3357; x_wconf 82' lang='grc' dir='ltr'><strong><em>Βο</em></strong></span> <span class='ocrx_word' id='word_1_235' title='bbox 330 3301 360 3358; x_wconf 78' lang='grc' dir='ltr'><strong><em>δὲ</em></strong></span> <span class='ocrx_word' id='word_1_236' title='bbox 379 3303 456 3357; x_wconf 85' lang='lat' dir='ltr'><strong><em>ABb</em></strong></span> <span class='ocrx_word' id='word_1_237' title='bbox 476 3301 504 3357; x_wconf 83' lang='grc' dir='ltr'><strong><em>δ’</em></strong></span> <span class='ocrx_word' id='word_1_238' title='bbox 521 3302 538 3370; x_wconf 75' lang='grc' dir='ltr'><strong>ἡ</strong></span> <span class='ocrx_word' id='word_1_239' title='bbox 557 3302 661 3358; x_wconf 83' lang='lat' dir='ltr'><strong>Reiske</strong></span> <span class='ocrx_word' id='word_1_240' title='bbox 677 3307 682 3373; x_wconf 79' lang='grc' dir='ltr'>Ι</span> <span class='ocrx_word' id='word_1_241' title='bbox 701 3305 790 3360; x_wconf 75' lang='lat' dir='ltr'><strong>verba</strong></span> <span class='ocrx_word' id='word_1_242' title='bbox 808 3325 882 3374; x_wconf 88' lang='grc' dir='ltr'><strong><em>ματα</em></strong></span> <span class='ocrx_word' id='word_1_243' title='bbox 901 3301 1104 3373; x_wconf 75' lang='grc' dir='ltr'><strong><em>ἐπανορθοῦσα</em></strong></span> <span class='ocrx_word' id='word_1_244' title='bbox 1123 3308 1173 3362; x_wconf 79' lang='grc' dir='ltr'><strong><em>καὶ</em></strong></span> 
     </span>
     <span class='ocr_line' id='line_1_30' title="bbox 155 3370 1173 3446; baseline 0.005 -18"><span class='ocrx_word' id='word_1_245' title='bbox 155 3370 186 3428; x_wconf 78' lang='grc' dir='ltr'><strong><em>ἐν</em></strong></span> <span class='ocrx_word' id='word_1_246' title='bbox 206 3375 280 3444; x_wconf 77' lang='grc' dir='ltr'><strong><em>ὀρθῇ</em></strong></span> <span class='ocrx_word' id='word_1_247' title='bbox 299 3373 461 3444; x_wconf 79' lang='grc' dir='ltr'><strong><em>παρέχουσα</em></strong></span> <span class='ocrx_word' id='word_1_248' title='bbox 484 3391 538 3429; x_wconf 87' lang='lat' dir='ltr'><strong><em>om.</em></strong></span> <span class='ocrx_word' id='word_1_249' title='bbox 558 3373 605 3428; x_wconf 78' lang='lat' dir='ltr'><strong><em>Ba</em></strong></span> <span class='ocrx_word' id='word_1_250' title='bbox 680 3381 716 3431; x_wconf 79' lang='lat'><strong><em>20</em></strong></span> <span class='ocrx_word' id='word_1_251' title='bbox 738 3380 819 3431; x_wconf 87' lang='grc' dir='ltr'><strong><em>πλεῖν</em></strong></span> <span class='ocrx_word' id='word_1_252' title='bbox 838 3379 905 3432; x_wconf 78' lang='lat' dir='ltr'><strong>ante</strong></span> <span class='ocrx_word' id='word_1_253' title='bbox 924 3375 1087 3446; x_wconf 77' lang='grc' dir='ltr'><strong><em>παρέχουσα</em></strong></span> <span class='ocrx_word' id='word_1_254' title='bbox 1106 3379 1173 3434; x_wconf 78' lang='lat' dir='ltr'><strong>add.</strong></span> 
     </span>
     <span class='ocr_line' id='line_1_31' title="bbox 155 3443 858 3515; baseline 0.007 -20"><span class='ocrx_word' id='word_1_255' title='bbox 155 3445 267 3510; x_wconf 77' lang='lat' dir='ltr'><strong>Reiske‚</strong></span> <span class='ocrx_word' id='word_1_256' title='bbox 287 3459 340 3512; x_wconf 81' lang='lat' dir='ltr'><strong><em>ego</em></strong></span> <span class='ocrx_word' id='word_1_257' title='bbox 359 3447 426 3512; x_wconf 81' lang='lat' dir='ltr'><strong>post</strong></span> <span class='ocrx_word' id='word_1_258' title='bbox 444 3443 524 3500; x_wconf 88' lang='grc' dir='ltr'><strong><em>πόλει</em></strong></span> <span class='ocrx_word' id='word_1_259' title='bbox 541 3444 648 3499; x_wconf 82' lang='lat' dir='ltr'><strong>insemi</strong></span> <span class='ocrx_word' id='word_1_260' title='bbox 672 3450 677 3515; x_wconf 81' lang='grc'>1</span> <span class='ocrx_word' id='word_1_261' title='bbox 699 3445 717 3514; x_wconf 80' lang='grc' dir='ltr'>ἡ</span> <span class='ocrx_word' id='word_1_262' title='bbox 737 3463 791 3501; x_wconf 89' lang='lat' dir='ltr'><strong><em>om.</em></strong></span> <span class='ocrx_word' id='word_1_263' title='bbox 811 3447 858 3500; x_wconf 80' lang='lat' dir='ltr'><strong><em>Ba</em></strong></span> 
     </span>
    </p>
   </div>
   <div class='ocr_carea' id='block_1_4' title="bbox 0 0 1274 3884">
    <p class='ocr_par' dir='ltr' id='par_1_13' title="bbox 0 0 1274 3884">
     <span class='ocr_line' id='line_1_32' title="bbox 0 0 1274 3884; baseline 0 1"><span class='ocrx_word' id='word_1_264' title='bbox 0 0 1274 3884; x_wconf 95' lang='lat' dir='ltr'><strong><em> </em></strong></span> 
     </span>
    </p>
   </div>
  </div>
 </body>
</html>
