2508 3882
538 209 703 257 -Η..

115 365 147 432 δ’
177 366 417 449 ἀναστήσαντες
442 368 500 444 τὰς
527 368 685 451 δυνάμεις
720 366 868 455 ἀπῄεσαν
898 367 1047 454 ἑκάτεροι
1074 369 1127 436 έπὶ

111 473 155 536 τά
186 471 333 558 σφέτερα.
388 474 424 539 οί
451 467 482 538 δ’
514 474 635 558 ὕπατοι
664 475 753 560 παρά
782 471 810 541 τ’
845 476 1039 560 αὐτομόλων
1071 474 1162 543 καὶ3

112 581 338 664 αἰχμαλώτων,
362 583 398 646 οἳ
417 577 494 667 παρ’
516 580 654 647 αὐτότὸ
677 583 779 665 ἔργον
801 580 1004 668 ἀπέδρασαν,
1025 581 1126 650 ἀκού-

112 700 237 770 σαντες,
261 677 316 751 οἷα
339 684 474 771 κατέσχε
497 688 604 752 λύσσα
623 685 678 752 καὶ
695 688 898 773 θεοβλάβεια
915 689 955 752 τὰ
973 688 1126 774 πολέμια,

111 793 187 857 οὔτε
209 790 436 858 συνεπέθεντο
459 801 504 881 τῷ
528 787 597 859 κατ’
624 793 726 878 εὐχήν
750 793 887 858 δοθέντι
909 801 1013 882 καιρῷ
1035 794 1125 879 τριά-
1153 819 1166 860 ι

108 922 208 964 κοντα
240 900 390 966 σταδίων
417 900 459 965 οὐ
490 904 607 966 πλείου
640 897 831 987 ἀπέχοντες,
866 896 935 965 οὔτ’
968 897 1126 978 ἀπιόντας

110 1003 262 1089 ἐδίωξαν,
286 999 369 1095 ε’νῷ
392 1009 594 1090 κεκμηκότας
611 1003 668 1072 καὶ
690 1010 891 1092 τραυματίας
913 1002 968 1070 καὶ
992 1005 1125 1088 ὀλίγους

47 1110 146 1181 ιοσεέκ
163 1117 299 1179 πολλῶν
313 1110 412 1196 <καὶ>
432 1109 594 1189 ἀτάκτους
611 1122 803 1198 χωροῦντας
821 1109 1017 1198 ἀκραιφνεῖς
1030 1110 1125 1178 αὐτοὶ

107 1215 163 1283 καὶ
185 1221 250 1284 σὺν
272 1221 388 1306 κόσμῳ
411 1215 566 1303 ἑπόμενοι
597 1217 721 1306 ῥαδίως
748 1217 790 1284 ἀν
818 1217 1016 1305 διέφθειραν
1043 1235 1125 1286 πασ-

107 1327 193 1412 συδί.
240 1325 404 1402 λύσαντες
427 1320 465 1389 δὲ
491 1322 547 1389 καὶ
578 1321 674 1390 αὐτοὶ
703 1327 781 1401 τοὺς
807 1324 953 1411 χάρακας
974 1313 1165 1426 ἀπήεσανῖδ0

2 1498 3 1507 ¹
108 1431 156 1507 είς
182 1431 244 1514 τήν
272 1433 385 1495 πόλιν·
417 1425 476 1493 εἴτ’
510 1428 711 1516 ἀρκούμενοι
740 1439 786 1518 τῷ
819 1431 908 1516 παρά
939 1439 997 1513 της
1025 1433 1125 1516 τύχης

2 1531 5 1600 ἶ
108 1534 247 1603 δοθέντι
270 1535 402 1625 ἀγαθῷ,
425 1533 483 1601 είτ’
507 1535 548 1601 ού
566 1538 777 1613 πιστεύοντες
795 1535 968 1625 ἀνασκήτῳ
988 1546 1124 1622 στρατιᾷ

106 1652 146 1728 τῇ
180 1641 339 1730 σφετέρα,
378 1647 443 1707 εἴτε
480 1640 556 1727 περὶ
587 1647 715 1708 πολλοῦ
746 1631 942 1726 ποιούμενοι
973 1644 1011 1708 τὸ
1043 1640 1120 1728 μηδ’

107 1750 244 1832 ὀλίγους
269 1759 338 1814 των
366 1747 535 1834 σφετέρων
563 1747 753 1833 ἀποβαλεῖν.
799 1747 996 1835 ἀφικόμενοι
1020 1747 1051 1814 δ’
1077 1753 1125 1827 είς

4 1845 5 1850 ¹
106 1855 169 1938 τήν
196 1859 298 1921 πόλιν
326 1853 363 1919 ἐν
385 1855 527 1941 αἰσχύνη
556 1861 662 1940 πολλή
690 1850 776 1939 ήσαν
799 1857 924 1933 δειλίας
947 1855 1048 1934 δόξαν
1071 1853 1124 1922 έπὶ
1139 1882 1164 1922 ιε

5 1971 6 1978 ’
105 1969 153 2048 τῷ
177 1963 265 2049 ἔργω
289 1963 482 2046 φερόμενοι·
509 1960 565 2026 καὶ
593 1960 753 2046 οὐδεμίαν
777 1961 894 2040 ἔξοδον
917 1965 964 2029 ἔτι
987 1963 1125 2046 ποιησά-

4 2065 5 2070 ’
106 2091 204 2150 μενοι
223 2064 414 2152 παρέδοσαν
433 2079 503 2144 τοϊς
520 2064 596 2151 μεθ’
620 2065 759 2145 ἑαυτοὺς
776 2069 914 2146 ὑπάτοις
931 2072 992 2152 τήν
1010 2069 1123 2155 ἀρχήν.

174 2172 316 2238 LXIIII.
358 2175 412 2261 Τῷ
436 2171 467 2238 δ’
494 2171 567 2258 ἑξῆς
589 2173 729 2263 ένιαντῷ
752 2175 852 2253 Γάϊος
874 2171 935 2258 μέν
954 2171 1125 2251 Ἀκύλλιος

104 2277 161 2346 καὶ
186 2283 284 2357 Τῖτος
301 2283 450 2364 Σίκκιος,
472 2281 593 2366 ἀνδρες
611 2284 760 2367 ἔμπειροι
778 2279 944 2365 πολέμων,
960 2282 1022 2365 τήν
1039 2280 1124 2345 ὑπα·

104 2389 201 2452 τείαν
232 2389 490 2471 παρειλήφεσαν.
539 2387 560 2469 ἡ
591 2383 629 2451 δὲ
659 2388 765 2471 βουλὴ
797 2385 995 2469 προθέντων
1022 2389 1124 2469 λόγον
1139 2415 1165 2454 ω

2 2481 7 2562 ³1*
103 2490 184 2578 περὶ
208 2502 269 2558 τοῦ
291 2490 439 2576 πολέμου
458 2503 524 2557 τῶν
542 2492 677 2557 ὑπάτων
695 2503 827 2577 πρῶτον
845 2491 1029 2576 έήηφίσατο
1047 2514 1124 2577 πρε-

4 2587 5 2628 }
104 2602 225 2683 σβείαν
248 2596 374 2682 πέμψαι
396 2600 480 2683 πρὸς
493 2596 649 2683 Ἕρνικας
671 2600 875 2683 αἰτήσουσαν
897 2599 941 2676 ὡς
963 2599 1051 2685 παρὰ
1068 2603 1125 2683 φί-

4 2723 6 2756 ³
104 2711 177 2770 λων
205 2728 240 2770 τε
269 2702 324 2769 καὶ
352 2703 548 2770 ένσπόνδων
576 2705 670 2781 δίκας
692 2709 868 2790 νομίμους·
896 2706 1033 2790 ήδίκητο
1060 2707 1124 2791 γάρ

4 2823 5 2900 ξ
49 2811 126 2894 16ωὴ
151 2813 250 2887 πόλις
271 2807 329 2875 ὑπ’
355 2810 466 2876 αὐτῶν
489 2811 570 2875 κατά
593 2811 658 2894 τήν
679 2811 904 2877 Οὐολούσκων
926 2835 961 2878 τε
986 2810 1041 2878 καὶ
1064 2815 1126 2877 Αί-

4 2915 6 2974 Ῑ
104 2928 221 2983 κανῶν
245 2915 473 3003 ἐπιστρατείαν
496 2919 661 3002 λῃστείαις
690 2940 724 2982 τε
747 2915 802 2982 καὶ
824 2920 1047 3005 καταδρομαῖς
1068 2929 1165 3003 τήςεε

106 3024 298 3110 ὁμορούσης
326 3023 439 3099 αὐτοῖς
464 3031 537 3106 γής·
570 3022 631 3099 ἕως
663 3020 692 3088 δ’
725 3021 768 3088 ἀν
794 3025 853 3101 τὰς
878 3023 956 3110 παρ’
988 3024 1125 3090 ἐκείνων

106 3131 258 3216 λάβωσιν
281 3127 482 3214 ἀποκρίσεις,
506 3129 662 3215 στρατιάν
686 3128 769 3213 ὅσην
788 3130 949 3195 δύνανται
966 3133 1124 3213 πλείστην

105 3238 334 3324 καταγράφειν
360 3238 439 3312 τοὺς
466 3235 613 3312 ὑπάτους
639 3234 695 3300 καὶ
721 3239 799 3312 τοὺς
828 3235 1020 3320 συμμάχους
1047 3256 1127 3320 πρε-

2 3360 3 3407 λ

180 3471 198 3519 8
216 3465 266 3518 καὶ
285 3462 351 3518 add.
369 3462 473 3518 Reiske
