2496 3878
457 191 619 239 -z-
1002 189 1043 253 ιι

23 415 24 420 ,
65 344 116 412 ἀλλ’
139 347 230 432 ὁμόσε
257 357 379 433 χωρεῖν
401 346 745 434 παρεσκευασμένους,
773 347 888 434 ἔπτηξε
914 347 970 416 καὶ
993 375 1045 436 μι-

23 445 24 448 “
64 456 124 539 κρὸν
138 451 308 538 άναλαβὼν
327 451 446 520 ἐαυτὸν
465 454 575 541 ὥσπερ
593 454 630 522 ἐκ
648 453 755 541 μέθης
771 453 826 521 καὶ
844 459 964 542 μανίας
980 456 1044 524 άπὸ

65 556 107 644 μὲν
124 570 177 626 τοῦ
197 561 371 645 βιάζεσθαι
393 559 526 646 κατέβη,
548 559 603 627 ἐπὶ
624 564 661 628 τὸ
683 561 876 642 δικάζεσθαι
899 560 929 628 δ’
953 561 1045 646 ἐτρά-

25 682 131 732 ιιισπετο·
157 665 209 732 καὶ
238 667 408 752 προειπὼν
435 665 562 753 ήμέραν
590 668 694 754 ῥητήν
720 670 768 746 είς
799 668 905 753 αὐτήν
937 668 1045 736 ἐκάλει

64 774 104 837 τὸν
120 773 219 858 άνδρα
243 773 287 850 ὡς
311 774 408 858 δίκην
430 771 608 860 ὑφέξοντα,
633 769 673 858 ής
695 775 794 852 αὐτὸς
816 777 952 860 ἔμελλεν
975 778 1045 842 ἐσε-
1072 795 1085 838 ε

65 885 121 942 σθαι
143 881 323 966 κατήγορός
348 903 383 945 τε
410 876 466 946 καὶ
493 880 619 966 μάρτυς
644 878 699 946 καὶ
728 881 883 964 δικαστής
909 879 1046 949 καὶτοῦ
1125 891 1152 926 θ’

64 982 195 1067 μεγέθους
221 994 280 1070 τής
309 989 466 1072 τιμωρίας
497 987 622 1072 κύριος.
672 985 785 1071 ἐπειδή
813 983 851 1052 δέ
880 985 936 1054 καὶ
965 990 1083 1075 πρὸς3

64 1088 126 1154 τοῦτ’
155 1090 304 1176 ἐνέστητε
335 1096 531 1177 νομίσαντες
566 1093 628 1160 οὐκ
657 1091 712 1158 ἐπὶ
741 1095 854 1178 δίκην,
888 1091 959 1160 ἀλλ’
995 1092 1048 1161 ἐπὶ

56 1201 191 1282 ,τιμωρίαν
208 1203 387 1265 καλεῖσθαι
405 1201 464 1266 τὸν
483 1201 601 1284 άνδρα,
625 1200 714 1286 ὁρῶν
732 1199 777 1277 ὡς
794 1198 933 1278 οὐδενὸς
951 1201 1048 1268 αὐτο-

63 1302 160 1390 κράτωρ
188 1303 261 1370 ἐστὶ
289 1305 497 1392 πράγματος,
528 1303 600 1371 ἀλλ’
628 1303 678 1372 ὅσ’
706 1305 748 1372 άν
776 1306 871 1392 ὑμεῖς
901 1311 1047 1394 προβου-
1061 1327 1087 1368 ιο

63 1409 183 1496 λεόσητε,
210 1409 307 1477 ταῦτ’
333 1411 530 1498 ἐπιψηφίσαι
557 1413 688 1498 κύριος,
716 1421 773 1498 τής
800 1411 828 1479 τ’
855 1413 1049 1498 αὐθαδείας,

63 1507 87 1595 ής
99 1520 190 1595 πολὺς
209 1519 304 1583 ἔπνει
322 1521 406 1603 τότε,
424 1518 555 1604 ὑφειται
572 1515 653 1584 νυνὶ
671 1515 725 1584 καὶ
741 1519 940 1603 δεησόμενος
953 1519 1049 1602 ὑμῶν

62 1621 111 1702 ήιιει
126 1632 337 1710 συγχωρήσαι
350 1622 406 1706 κμὶ
426 1626 549 1710 ταύτην
564 1625 652 1712 αὐτῷ
668 1626 729 1708 τήν
742 1624 850 1710 χάριν.
882 1623 1049 1710 ἐνθυμοὺ-
1062 1627 1085 1692 4

23 1785 25 1832 4
62 1749 130 1808 μενοι
143 1731 182 1814 δή
192 1727 287 1797 ταῦτ’
301 1737 462 1797 αἴσθεσθε
476 1733 541 1816 ήδη
555 1727 635 1796 ποτὲ
648 1728 703 1796 καὶ
718 1730 852 1816 μάθετε,
867 1729 917 1796 ὅτι
930 1729 1049 1817 πάνθ’,

23 1839 25 1868 '
62 1832 104 1898 ὅσα
126 1833 182 1919 μὲν
210 1835 416 1923 εὐηθέστερα
442 1837 706 1923 βουλευσάμενοι
733 1843 860 1922 μᾶλλον
889 1836 1050 1924 ήφρονι-
1064 1856 1090 1898 ιε

61 1940 162 2028 μότερα
185 1942 399 2030 ἐχαρίσασθε,
422 1943 511 2032 αὐτῷ
536 1944 709 2029 συμφορὰς
731 1943 813 2028 ὑμίν
835 1941 971 2029 ἐνήνοχε
995 1943 1051 2009 καὶ

62 2046 168 2134 βλάβας,
191 2049 257 2114 ὅσα
280 2046 317 2115 δέ
340 2051 421 2135 μετὰ
443 2060 504 2116 τοῦ
522 2053 679 2133 γενναίου
699 2049 833 2126 στάντες
855 2061 925 2127 τοῖς
946 2071 1051 2135 παρα-

23 2175 24 2240 4
61 2155 149 2234 νόμοις
171 2155 278 2221 αὐτοῦ
300 2153 356 2220 καί
378 2160 500 2240 βιαίοις
518 2157 758 2240 ἠναντιώθητε,
780 2152 878 2222 ταῦθ’
900 2155 982 2240 ὑμῖν
1005 2158 1051 2233 είς

23 2297 24 2300 =
62 2254 117 2322 δίον
129 2259 293 2346 ἐκβέβηκε.
321 2265 357 2326 τί
372 2257 435 2328 οὖν
448 2263 530 2346 ὑμῖν
543 2260 772 2346 ἐπισταμένοις
784 2271 888 2327 ταῦτα
900 2272 1050 2346 παραινῶ
1064 2263 1086 2329 5

23 2343 25 2400 ἐ
61 2364 187 2446 πράττειν
215 2365 273 2433 καὶ
299 2371 374 2434 τίνα
401 2370 538 2454 γνώμην
565 2364 649 2453 ὑπὲρ
677 2377 744 2433 τῶν
773 2369 948 2453 παρόντων
971 2366 1050 2433 όπο-
1065 2387 1092 2428 ιο

23 2475 210 2558 σιιιφαίνομαι;
240 2474 302 2540 ὅσα
321 2463 391 2557 ’μέν
418 2473 618 2560 ἐχαρίσασθε
645 2472 701 2539 καὶ
729 2473 977 2558 συνεχωρήσατε
1004 2482 1051 2561 τῷ

64 2575 131 2667 δήμῳ
156 2581 218 2664 τήν
248 2582 375 2666 ἔχθραν
398 2583 668 2665 διαλλαττόμενοι
691 2580 905 2662 ὁπωσδήποτε
928 2579 1052 2664 φυλάτ-

63 2703 110 2747 τειν
134 2688 251 2772 κύρια,
280 2685 336 2752 καὶ
350 2735 351 2738 ,
366 2688 410 2770 μή
441 2687 534 2752 λύειν
563 2697 631 2752 τῶν
662 2689 734 2752 τότε
767 2684 1053 2771 συγχωρηθέντων

64 2788 159 2876 μηθέν,
188 2791 251 2876 οὑχ
279 2792 325 2868 ὡς
351 2797 461 2858 καλῶν
489 2790 544 2858 καὶ
571 2801 629 2876 τῆς
658 2795 785 2868 πόλεως
806 2790 908 2869 ιἰξίων
932 2793 1052 2859 όντων·

63 2896 143 2960 τόθεν
165 2898 247 2984 γάρ;
272 2895 344 2962 ἀλλ’
371 2898 415 2974 ὡς
437 2897 625 2982 ἀναγκαίων
648 2895 703 2962 καὶ
726 2895 840 2982 μηκέτι
865 2896 1054 2982 δεχομένων
1067 2919 1093 2960 οε

65 2998 236 3086 διόρθωσιν·
257 3004 320 3070 ὅσα
339 3002 369 3068 δ’
387 3003 428 3069 δν
448 3003 509 3082 ἐξω
527 3004 647 3070 τούτου
665 3005 858 3088 βιαζόμενος
875 3002 931 3068 καὶ
949 3024 1053 3090 παρα-

64 3119 151 3188 νομῶν
177 3109 331 3176 ἀκόντων
358 3111 453 3194 ὑμῶν
480 3109 625 3196 ἐπιχειρῇ
654 3109 836 3194 λαμβάνειν
866 3113 947 3194 μήτε
974 3127 1053 3193 συγ-

113 3303 229 3366 5αότθς
247 3320 302 3359 om.
321 3302 344 3355 B
363 3301 378 3356 ὁ
398 3301 482 3363 αὐτὸς
500 3317 522 3355 ο.
542 3300 687 3370 Kiessling
746 3307 762 3356 8
781 3300 930 3369 ἀντίστητε
949 3302 973 3353 Α
993 3294 1054 3356 ἐνέ-

23 3439 24 3442 Ὶ
67 3371 163 3436 ιιητεΒ
237 3378 270 3427 10
290 3373 358 3428 ὅταν
377 3372 400 3427 0
420 3370 463 3427 δυ’
484 3369 521 3425 δν
541 3371 662 3440 Sylburg
736 3377 768 3426 12
787 3367 821 3437 ἧς
839 3371 1054 3440 οιω.ΒΙτο.τε

23 3455 25 3466 ’
66 3433 259 3511 Βὶὺφ’ἧτεΒ
306 3449 339 3498 13
355 3441 563 3518 <ή>κ<ει>Βὺ
611 3449 644 3496 16
658 3441 758 3511 ἡμῖνΒ
809 3440 1054 3495 mmmmm
