2484 3876
494 241 661 292 -Η-
1021 237 1085 302 165

88 397 123 463 δν
149 397 263 485 άφίκη,
294 409 471 465 κοινωνεῖν
500 399 652 482 ἐθελήσει
681 416 735 465 σοι
761 410 829 464 τῶν
856 398 1003 484 εὐσεβῶν
1030 397 1086 466 καί

88 505 210 570 δικαίων
232 505 365 590 οὐθείς,
387 505 500 584 αὐτοῖς
522 503 550 572 τ’
572 505 634 572 οὐκ
656 507 715 592 ἐση
738 509 855 590 τίμιος,
877 496 929 583 οἷς
950 507 1087 572 εὔνοιαν

86 610 322 698 ἐνδεικνύμενος
352 621 456 678 ταῦτα
488 613 586 699 δρᾷς,
617 611 701 678 ἀλλὰ
729 612 987 696 καρπωσάμενοί
1011 634 1087 677 τινα

84 716 203 795 ἕκαστος
237 720 369 784 τούτων
401 717 437 783 ἐκ
472 727 541 784 τῶν
573 729 642 784 σῶν
674 717 890 803 ἀσεβημάτων
922 715 1086 802 ὠφέλειαν

83 825 246 906 μισήσουσι
269 825 333 908 τήν
355 823 542 890 αὐθάδειαν
564 832 624 890 τοῦ
646 827 779 912 τρόπου.
817 823 859 890 έῶ
882 825 946 908 γὰρ
965 809 1127 924 λέγειν,4δ

83 928 124 994 ότι
144 927 243 1015 χωρὶς
262 939 325 997 τοῦ
343 934 472 1015 μίσους,
495 930 621 1016 δπαρδ
639 941 707 996 τῶν
725 929 975 996 ἐπιεικεστάτων
994 929 1087 1012 ἕξεις,

82 1033 127 1098 καὶ
147 1039 278 1120 φθόνος
301 1035 523 1120 ἀπαντήσεται
544 1038 648 1114 πολὺς
667 1035 703 1102 ἐκ
720 1047 789 1102 τῶν
808 1041 891 1102 ίσων
909 1032 964 1102 καὶ
982 1038 1088 1120 φόβος

82 1139 112 1206 ἐκ
138 1153 202 1207 τῶν
234 1143 393 1226 ήσσόνων
423 1139 479 1208 καί
511 1139 555 1207 δι’
582 1143 682 1227 άμφω
708 1139 800 1208 ταῦτ’
831 1139 1005 1226 ἐπιβουλαὶ
1032 1139 1088 1207 καὶ

81 1248 152 1312 άλλα
180 1250 290 1315 πολλὰ
319 1246 374 1315 καὶ
403 1248 544 1334 χαλεπά,
576 1247 637 1314 ὅσα
667 1250 754 1326 είκὸς
781 1259 961 1334 συμπεσεῖν
988 1243 1087 1332 ἀνδρὶ

83 1352 178 1441 έρήμφ
202 1359 315 1440 φίλων
338 1353 393 1420 καὶ
415 1353 452 1420 ἐν
475 1353 552 1442 ξένη
575 1357 647 1422 όντι
670 1362 722 1440 γῇ.
767 1355 824 1432 τάς
846 1356 909 1440 γδιρ
933 1355 975 1438 δή
997 1353 1087 1438 παρὰ
1101 1378 1129 1420 ιο

81 1464 160 1526 θεῶν
181 1484 216 1526 τε
239 1459 298 1526 καὶ
321 1460 491 1544 δαιμόνων
513 1459 778 1546 ἐπιπεμπομένας
799 1472 869 1538 τοῖς
891 1460 1010 1526 ἀνόσια
1031 1457 1088 1525 καί

83 1566 163 1631 δεινδι
191 1566 471 1652 διαπραξαμένοις
497 1566 632 1655 ἐρινύας
655 1566 714 1652 ἐῶ,
736 1565 793 1653 ὑφ’
817 1562 865 1632 ὧν
888 1568 1089 1650 αίκιζόμενοι

82 1672 176 1756 ψυχάς
203 1697 241 1740 τε
272 1671 328 1739 καὶ
358 1675 491 1758 σώματα
519 1677 642 1752 κακοὺς
671 1671 733 1758 μὲν
761 1675 955 1740 διαντλοῦσι
981 1674 1089 1757 βίους,

38 1779 202 1864 αῖιοίκτρδις
225 1778 260 1846 δ’
281 1778 485 1865 ὑπομένωσι
508 1780 669 1858 τελευτάς.
707 1777 796 1846 ταῦτ’
820 1778 1037 1864 ἐνθυμηθείς,
1060 1773 1123 1854 ὧ5

83 1885 210 1971 Μάρκιε,
230 1886 424 1972 μετάγνωθι
442 1885 497 1952 καὶ
515 1895 640 1952 παῦσαι
658 1897 870 1971 μνησικακῶν
887 1895 927 1972 τῇ
947 1894 1088 1952 σεαυτοῦ
1102 1909 1129 1952 ιο

83 1995 215 2077 πατρίδι·
245 1994 351 2078 τύχην
375 2014 411 2058 τε
438 1991 573 2058 πάντων
600 1993 710 2062 αἰτίαν
731 1992 939 2077 ἡγησάμενος
961 1985 1010 2058 ὧν
1031 1988 1088 2056 πέ-

83 2105 198 2177 πονθας
230 2102 315 2184 πρὸς
345 2099 440 2183 ήμῶν
471 2098 491 2182 ή
525 2096 687 2181 δέδρακας
717 2098 802 2183 ἡμᾶς
829 2109 955 2179 κακῶν,
990 2097 1089 2160 ἄπιθι

84 2208 194 2289 χαίρων
218 2204 274 2271 ἐπδ
294 2207 335 2271 τδι
354 2206 469 2288 οἰκεῖα,
491 2202 548 2270 καί
565 2207 700 2288 κόμισαι
719 2206 841 2289 μητρός
858 2227 893 2269 τε
911 2203 1089 2287 περιβολὰς

84 2310 338 2396 προσηνεστάτας
355 2307 410 2376 καὶ
428 2313 585 2393 γυναικὸς
604 2312 665 2392 [τε]
684 2310 936 2395 φιλοφροσύνας
952 2309 1090 2391 ήδίστας

84 2413 129 2479 καὶ
148 2416 275 2484 τέκνων
298 2417 491 2500 ἀσπασμοὺς
513 2417 746 2500 γλυκυτάτους,
770 2413 825 2481 καὶ
848 2415 988 2480 σεαυτὸν
1008 2412 1088 2478 άπό-
1101 2441 1129 2482 ιο

86 2520 133 2598 δος
149 2524 313 2610 ὀφείλημα
329 2524 507 2589 κάλλιστον
521 2531 560 2608 τῇ
579 2522 757 2609 γειναμένη
772 2539 809 2588 σε
822 2518 878 2586 καὶ
892 2525 1089 2604 τηλικοῦτον

86 2626 178 2715 ἄνδρα
200 2627 449 2715 παιδευσαμένη
472 2631 615 2715 πατρίδι.

141 2736 313 2803 XXVIIII.
347 2740 491 2803 Τοιαῦτα
514 2735 744 2814 διεξελθόντος
761 2745 821 2802 τοῦ
839 2735 1020 2819 Μηνυκίου
1038 2758 1090 2820 μι-

87 2844 156 2925 κρὸν
177 2843 324 2930 ἐπισχὼν
347 2843 366 2909 ό
388 2843 542 2927 Μάρκιος
564 2837 647 2908 είπε·
685 2841 750 2908 Σοὶ
772 2839 850 2927 μέν,
873 2837 899 2906 ὦ
923 2841 1090 2924 Μηνύκιε,

89 2946 133 3012 καὶ
156 2951 238 3036 ὑμῖν
259 2960 330 3027 τοῖς
351 2950 419 3034 άμα
440 2950 546 3038 τούτῳ
568 2955 773 3034 πεμφθεῖσιν
797 2949 863 3015 ὑπὸ
886 2958 944 3032 τῆς
965 2951 1089 3032 βουλῆς
1103 2972 1129 3013 ιε

88 3057 171 3134 φίλος
210 3055 278 3142 είμδ
316 3053 372 3122 καδ
407 3058 601 3142 πρόθυμος,
642 3061 677 3121 εί
708 3079 739 3122 τι
776 3057 942 3140 δύναμαι,
981 3063 1090 3120 ποιεῖν

1148 2089 1157 2123 λ

150 3287 164 3335 3
183 3280 401 3353 καρπωσάμενος
419 3298 442 3336 ο.
462 3280 552 3337 Cobet
571 3281 636 3336 obs.
655 3299 683 3351 p.
698 3286 750 3336 160
822 3287 857 3334 14
875 3276 1090 3356 τελε<υ>τδιρΒ

93 3353 119 3404 18
134 3352 179 3407 καλ
196 3353 310 3424 κόμισαι
329 3352 431 3408 add.B
487 3357 520 3406 19
556 3352 673 3416 υναικός
690 3371 719 3406 τε
735 3351 757 3406 O
776 3371 806 3406 τε
825 3350 880 3405 del.
894 3348 999 3403 Reiske
1036 3355 1087 3403 ³221

92 3422 264 3497 γεννησαμένη
283 3423 309 3477 Α
327 3421 520 3495 γεννησαμένη
539 3373 565 3476 II
582 3421 733 3493 γειναμένη
759 3439 782 3476 ο.
801 3421 891 3476 Cobet
909 3418 974 3474 obs.
993 3438 1021 3490 p.
1038 3426 1089 3496 160

93 3495 120 3545 λλ
135 3493 323 3568 πεδευσαμένη
342 3495 365 3548 Β
438 3501 472 3550 25
491 3495 558 3564 ὑμῖν
576 3501 635 3557 τοῖς
652 3493 745 3554 ἄλλοις
764 3491 786 3546 Ο
805 3491 918 3559 praeter
936 3491 959 3544 B
