2496 3878
528 224 690 273 -Ζ-
1074 219 1116 284 21

86 405 200 466 μενος,
240 381 390 465 ἐδήλωσε
415 379 452 448 δὲ
471 384 532 467 την
549 379 739 468 ὑπερβολὴν
757 391 814 466 τῆς
832 389 1006 469 συμφοράς
1023 381 1154 460 πόλις5

86 486 260 572 ἐπιφανὴς
293 498 362 558 τῶν
397 487 635 574 Οὐολούσκων,
671 485 847 576 Οὐέλιτραι
880 490 986 573 ὄνομα
1022 487 1119 574 αὐτῇ,

85 595 221 678 μεγάλη
239 618 278 659 τε
302 591 358 658 καὶ
380 593 648 676 πολυάνθρωπος
671 588 756 661 οὐσα
778 593 873 680 τέως,
899 589 938 680 ἧς
961 595 979 661 ὁ
1003 597 1118 678 λοιμὸς

27 704 169 784 1341μίαν
201 700 401 767 ὑπελείπετο
428 712 549 786 μοῖραν
578 700 614 766 ἐκ
646 712 713 767 τῶν
741 700 838 785 δέκα,
868 703 926 778 τὰς
954 699 984 766 δ’
1016 703 1119 779 ἀλλας

83 809 279 891 ὑπολαβὼν
299 806 473 891 ἀπήνεγκε.
508 813 725 886 τελευτῶντες
740 802 772 873 δ’
791 802 853 874 οὐν
868 807 941 873 ὅσοι
954 816 1116 892 περιῆσαν
1145 829 1158 870 ο

85 912 121 977 ἐκ
150 921 220 996 τῆς
253 923 428 999 συμφορᾶς
459 913 743 998 πρεσβευσάμενοι
765 910 938 999 Ῥωμαίοις
970 915 1118 1000 ἔφρασαν

86 1021 147 1103 την
174 1019 326 1104 ἐρημίαν
349 1017 405 1085 καί
426 1018 616 1105 παρέδοσαν
637 1021 698 1104 την
716 1025 826 1087 πόλιν.
863 1023 980 1106 ἔτυχον
1004 1015 1040 1084 δὲ
1063 1016 1119 1085 καλ

85 1129 263 1212 πρότερον
294 1123 446 1203 ἐποίκους
478 1124 514 1191 ἐκ
543 1135 600 1210 τῆς
621 1122 748 1211 Ῥώμης
775 1128 962 1211 είληφότες,
990 1121 1048 1211 ἀφ’
1080 1119 1119 1210 ἧς

85 1234 201 1308 αίτίας
227 1229 345 1296 καὶτὸ
369 1231 526 1317 δεύτερον
551 1235 655 1315 [τοὺς]
679 1233 885 1319 κληρούχους
907 1229 984 1318 παρ’
1007 1231 1118 1300 αὐτῶν

83 1337 211 1423 ᾔτουν.
604 1397 610 1409 ,
707 1421 711 1430 ι
1132 1358 1158 1398 ιο

153 1443 261 1508 ΧΙΠ.
299 1446 408 1510 Ταῦτα
430 1455 500 1521 τοῖς
517 1440 689 1529 Ῥωμαίοις
707 1451 855 1530 μαθοῦσι
874 1453 933 1528 τῆς
951 1441 1012 1529 μέν
1035 1460 1118 1528 συμ-

86 1558 205 1637 φορᾶς
225 1543 337 1626 οἶκτος
354 1547 471 1636 εἰσῄει,
489 1548 544 1615 καὶ
564 1545 665 1616 οὐδὲν
682 1548 788 1640 ᾤοντο
809 1552 881 1616 δεῖν
900 1561 969 1627 τοῖς
983 1548 1118 1636 ἐχθροῖς

10 1681 12 1760 χ
86 1656 140 1722 έπλ
167 1657 345 1732 τοιαύταις
366 1657 480 1742 τύχαις
498 1667 725 1741 μνησικακεῖν,
749 1657 793 1734 ίος
816 1657 932 1734 ἱκανάς
956 1657 1117 1722 δεδωκόσι

10 1763 12 1792 '
85 1777 158 1841 τοῖς
185 1769 288 1839 θεοῖς
308 1759 391 1849 ὑπὲρ
412 1774 507 1848 σφῶν
526 1764 620 1840 δίκας
639 1759 716 1827 ἀνθ’
741 1756 788 1827 ὧν
808 1763 946 1846 ἔμελλον
966 1763 1117 1850 δράσειν·

88 1872 284 1955 Οὐελίτρας
316 1866 353 1933 δέ
383 1869 655 1956 παραλαμβάνειν
689 1867 797 1934 ἐδόκει
829 1869 1024 1955 κληρούχων
1044 1868 1118 1935 οὐκ
1132 1889 1158 1930 ιε

86 1978 224 2060 ὀλίγων
248 1975 414 2060 ἀποστολῇ
437 1976 544 2041 πολλά
567 1976 607 2040 τά
631 1972 843 2063 συμφέροντα
867 1973 902 2040 ἐκ
930 1984 990 2041 τοῦ
1012 1976 1118 2061 πράγ-

85 2107 199 2166 ματος
224 2079 512 2165 ἐπιλογιζομένοις.
548 2084 587 2146 τό
611 2104 645 2146 τε
665 2082 727 2166 γὰρ
747 2084 869 2167 χωρίον
893 2081 1009 2146 ἰκανὸν
1031 2075 1152 2149 είναι2

10 2175 12 2192 ¹
87 2189 255 2274 ἐφαίνετο
278 2191 408 2272 φυλακῇ
426 2185 583 2276 ἀξιόχρεῳ
602 2183 817 2272 καταληφθὲν
837 2178 887 2263 οἷς
905 2185 947 2251 άν
965 2190 1139 2272 νεωτερί-·

89 2299 160 2373 ζειν
187 2293 211 2376 ἢ
234 2304 430 2379 παρακινεῖν
452 2316 484 2358 τι
507 2290 725 2377 βουλομένοις
753 2285 774 2380 ᾗ
798 2292 881 2378 μέγα
903 2294 1039 2374 κώλυμα
1062 2289 1117 2356 καλ

31 2401 264 2484 ιελνέμπόδιον
287 2389 389 2464 εἶναι·
417 2399 438 2481 ἥ
461 2395 491 2463 τ’
517 2397 638 2484 ἀπορία
666 2407 723 2481 τῆς
745 2407 870 2484 τροφῆς
891 2397 912 2481 ἡ
935 2396 1117 2482 κατέχουσα
1131 2421 1157 2460 ιο

88 2509 154 2590 την
196 2508 297 2570 πόλιν
334 2504 375 2569 οὐ
412 2501 489 2589 παρ’
525 2505 641 2588 ὀλίγον
678 2503 878 2590 μετριωτέρα
915 2506 1118 2587 γενήσεσθαι

90 2611 328 2695 ὑπωπτεύετο,
355 2613 387 2675 εί
408 2614 583 2694 μετασταίη
608 2635 657 2688 τις
685 2609 718 2689 ἐξ
742 2610 843 2695 αὐτῆς
866 2609 930 2676 ἀπὸ
953 2621 1014 2678 τοῦ
1036 2613 1118 2695 πλη-

90 2725 183 2796 θους
207 2727 310 2801 μοῖρα
333 2715 513 2800 ἀξιόλογος.
551 2717 691 2801 μάλιστα
715 2714 745 2782 δ’
768 2717 789 2800 ἡ
814 2716 926 2795 στάσις
945 2716 1117 2804 ἀναρριπι-

95 2823 235 2911 ζομένη,
263 2821 344 2908 πρὶν
371 2822 392 2907 ἢ
419 2825 610 2889 πεπαῦσθαι
643 2828 751 2900 καλῶς
778 2826 827 2888 ἐτι
854 2825 915 2908 την
941 2822 1117 2909 προτέραν,

94 2931 218 3015 ἐνῆγεν
243 2929 365 3004 αὐτούς
386 2932 588 3013 ψηφίζεσθαι
611 2932 670 2995 τὸν
694 2928 887 2996 ἀπόστολον.
917 2930 1018 2994 πάλιν
1041 2908 1150 3015 γάρ,3

96 3039 210 3122 ὥσπερ
234 3033 290 3100 καλ
312 3037 488 3122 πρότερον,
511 3036 529 3101 ὁ
553 3037 658 3120 δῆμος
680 3035 850 3136 ἠρεθίζετο
869 3034 924 3101 καλ
944 3034 988 3101 δι’
1015 3036 1116 3122 ὀργῆς
1130 2981 1157 3022 ²⁵

171 3201 188 3245 2
211 3188 339 3260 Οὐέντρα
356 3190 382 3243 A
412 3189 593 3265 Οὐέντρ<αι>
616 3191 663 3245 Bb
692 3207 775 3262 saepe
867 3190 1043 3260 όάπήνεγκε
1066 3191 1116 3245 καὶ

96 3269 281 3324 τελευτῶντες
300 3259 328 3314 δ’
350 3258 401 3317 οὐν
420 3263 445 3314 Α
473 3269 476 3326 Ι
502 3261 531 3316 δ’
553 3263 606 3317 dol.
626 3261 729 3316 Reiske
820 3265 920 3324 9τούς
938 3261 992 3316 del.
1011 3261 1115 3316 Reiske

97 3341 129 3388 12
150 3333 202 3388 καλ
220 3334 254 3387 οὐ
274 3334 335 3386 δεῖν
353 3329 441 3404 ᾤοντο
460 3332 538 3387 ABG
557 3332 607 3388 καλ
626 3333 710 3388 οὐδὲν
729 3331 759 3405 ᾤ.
780 3332 862 3402 Omg.
882 3349 950 3386 corr.
970 3331 1115 3401 Kiessling

99 3411 131 3458 15
152 3401 368 3474 ἀναλαμβάνειν
387 3421 410 3458 ο.
430 3404 532 3458 Reiske
605 3409 638 3456 19
657 3397 688 3475 ᾖ]
707 3402 725 3470 ἢ
744 3404 797 3457 AB
870 3408 903 3455 22
922 3402 1114 3473 μεταστ<αι>η

97 3476 144 3530 Bb
220 3479 255 3528 24
273 3473 359 3542 πρινὴ
377 3473 400 3526 Β
472 3479 507 3528 25
526 3475 575 3528 τὸν
593 3473 691 3527 στόλον
710 3490 733 3528 ο.
752 3471 896 3538 Kiessling
