2496 3878
516 227 678 275 -Ζ-
1064 223 1104 288 11

122 387 243 471 φθείρας,
264 379 417 468 ἑτοίμους
440 385 513 469 ἔσχε
537 389 784 467 συγκαταλῦσαι
806 386 867 468 την
887 391 1105 476 καθεστῶσαν

122 493 265 556 πολιτείαν.

169 595 230 660 VII.
265 596 335 673 Οὓς
358 599 542 683 συνεργούς
563 595 620 662 καὶ
643 599 891 680 συναγωνιστὰς
914 599 1026 684 λαβὼν
1049 598 1105 665 καί

118 701 244 786 δδεησει
264 703 422 788 πράττειν
445 700 593 781 ἑκάστοις
615 702 824 788 ὑποθέμενος
845 715 915 782 τοῖς
937 701 966 769 τ’
990 706 1106 791 αίχμα-

116 811 218 892 λότοις,
239 809 298 885 οὓς
321 807 471 894 ἐπήγετο,
492 822 614 896 προῖκα
637 811 717 888 δοὺς
739 813 800 895 την
819 810 1026 897 ἐλευθερίαν,
1048 813 1104 878 ίνα
1130 834 1144 874 ε

114 912 226 997 κοίτην
247 913 385 980 ἐκείνων
408 916 545 982 εὔνοιαν
567 916 752 1003 προσλάβῃ,
774 915 926 984 κατέπλει
945 933 1104 1002 κεκοσμη-

75 1018 205 1103 1ιιιμέναις
224 1032 296 1098 ταῖς
318 1019 439 1088 ναυσὶν
462 1023 510 1098 είς
528 1025 607 1100 τοὺς
624 1032 691 1087 τῶν
710 1025 873 1106 Κυμαίων
891 1021 1034 1108 λιμένας.
1071 1024 1107 1088 οί

113 1121 139 1190 δὲ
152 1137 210 1191 τῦν
224 1126 496 1212 στρατευομένων
509 1127 646 1212 πατέρες
664 1150 698 1193 τε
716 1124 772 1193 καὶ
791 1127 928 1214 μητέρες
945 1128 1002 1195 καὶ
1014 1138 1103 1195 πᾶσα

112 1231 205 1316 ηάλλη
219 1231 408 1318 συγγένεια,
421 1235 537 1299 παιδία
551 1257 586 1299 τε
600 1232 656 1299 καὶ
670 1233 807 1318 γαμεταὶ
820 1247 985 1320 γυναῖκες,
999 1235 1104 1318 ὑπην-

109 1360 161 1402 τον
179 1337 323 1416 ἐξιοῦσιν
346 1339 458 1418 αὐτοῖς
480 1341 561 1425 μετὰ
584 1341 740 1426 δακρύων
758 1345 1030 1426 περιπλεκόμενοι
1048 1339 1144 1407 καίεο

110 1449 345 1528 καταφιλοῦντες
362 1444 417 1511 καὶ
434 1457 506 1524 ταῖς
522 1446 674 1530 ἡδίσταις
687 1445 825 1512 ἕκαστον
839 1445 1104 1531 ἀνακαλούμενοι

107 1555 332 1636 προσηγορίαις.
368 1548 424 1617 καί
446 1551 467 1635 ἡ
491 1553 574 1635 ἀλλη
598 1548 636 1617 δέ
659 1555 792 1635 πληθύς
812 1553 834 1637 ἡ
857 1554 938 1618 κατὰ
960 1554 1022 1637 τὴν
1044 1556 1138 1624 πό-2

106 1659 148 1720 λιν
174 1658 282 1724 ἅπασα
312 1666 398 1744 χαρᾷ
429 1655 485 1723 καί
513 1660 621 1748 κρότῳ
649 1657 843 1743 δεξιουμένη
870 1659 929 1724 τὸν
957 1658 1104 1744 ἡγεμόνα

105 1763 300 1848 προύπεμπεν
317 1765 365 1840 είς
383 1759 476 1830 οἶκον
495 1764 645 1830 ἀπιόντα.
678 1764 730 1852 ἐφ’
750 1745 853 1842 οἷςόί
867 1769 1103 1851 προεστηκότες

104 1875 149 1950 τῆς
171 1873 299 1948 πόλεως
321 1869 518 1955 ἀνιώμενοι,
545 1870 687 1955 μάλιστα
710 1869 741 1936 δ’
763 1872 799 1937 οί
818 1872 879 1955 την
902 1876 1102 1956 στρατηγίαν
1116 1896 1142 1938 15

104 1973 174 2062 αὐτῷ
195 1979 403 2062 παραδόντες
424 1974 480 2042 καὶ
503 1970 605 2042 τᾶλλα
628 1978 668 2042 τά
690 1980 773 2065 πρὸς
795 1979 854 2043 τὸν
877 1979 1022 2063 ὄλεθρον
1042 2001 1102 2062 μη-

102 2083 321 2167 χανησάμενοι,
343 2085 512 2166 πονηρούς
534 2079 618 2165 ὑπὲρ
641 2093 701 2149 τοῦ
723 2083 903 2168 μέλλοντος
920 2079 1011 2169 είχον
1031 2088 1102 2149 δια-

103 2190 273 2271 λογισμούς.
310 2189 329 2255 ὁ
353 2184 390 2253 δέ
412 2189 577 2253 διαλιπὼν
596 2189 710 2272 ὀλίγας
727 2191 820 2266 τινὰς
836 2188 970 2274 ἡμέρας,
993 2189 1030 2254 έν
1049 2181 1136 2267 αίς3

100 2294 144 2369 τὰς
171 2294 274 2380 εὐχὰς
300 2293 461 2360 ἀπεδίδου
488 2305 558 2371 τοῖς
583 2302 677 2373 θεοῖς
703 2294 759 2361 καὶ
786 2298 843 2373 τὰς
870 2296 1102 2379 ὑστεριζούσας

102 2396 226 2476 ὁλκάδας
254 2399 445 2486 ἀνεδέχετο,
473 2399 586 2485 ἐπειδη
610 2403 723 2488 καιρὸς
745 2397 803 2485 ην,
831 2405 893 2486 ἔφη
917 2403 1101 2485 βούλεσθαι
1114 2425 1142 2466 εο

99 2504 129 2566 τό
147 2504 339 2590 πραχθέντα
361 2507 443 2572 κατὰ
465 2509 525 2572 τὸν
543 2506 656 2589 ἀγῶνα
673 2508 756 2592 πρὸς
773 2508 834 2590 την
852 2508 979 2592 βουλὴν
998 2506 1101 2591 ἀπαγ-

99 2615 188 2690 γείλαι
211 2609 271 2677 καὶ
293 2614 334 2677 τὰ
356 2612 392 2678 έκ
410 2622 471 2679 τοῦ
489 2612 636 2697 πολέμου
655 2613 788 2698 λάφυρα
806 2611 985 2692 ἀποδείξαι.
1023 2631 1101 2680 συν-

100 2719 257 2782 ελθόντων
286 2713 323 2781 δέ
349 2728 416 2782 τῶν
444 2716 480 2782 έν
505 2716 590 2783 τέλει
617 2719 699 2784 κατὰ
726 2724 856 2803 πλῆθος
882 2722 930 2797 είς
956 2724 993 2786 τὸ
1021 2725 1101 2806 βον-

61 2823 261 2908 ῦίιλευτηριον
289 2823 307 2889 ὁ
335 2819 396 2907 μὲν
424 2822 622 2910 ἐδημηγόρει
648 2825 827 2909 παρελθὼν
854 2823 906 2890 καί
931 2826 1038 2892 πάντα
1060 2828 1100 2891 τό

97 2931 248 3011 γενόμενα
274 2931 356 2994 κατὰ
382 2931 443 3014 την
471 2930 579 3015 μάχην
607 2928 745 3017 διεξῄει,
773 2933 808 2996 οί
834 2928 871 2995 δὲ
893 2948 1100 3019 παρασπευα-
1115 2952 1141 2992 ετ

97 3032 220 3112 σῦέντες
241 3032 296 3101 ὑπ’
315 3035 418 3106 αὐτοῦ
437 3035 595 3120 συνεργοὶ
612 3047 670 3122 τῆς
689 3035 869 3114 ἐπιθέσεως
886 3039 1016 3124 ἔχοντες
1033 3039 1099 3103 ὑπὸ

153 3267 169 3314 ό
194 3257 317 3332 ἐπήγετο
336 3261 359 3315 Β
382 3262 541 3333 ὑπηγάγετο
559 3263 585 3316 R
608 3259 763 3334 ίπηγοίγετο
787 3282 809 3319 ο.
834 3263 967 3319 Gelenius
991 3267 1021 3319 et
1044 3265 1100 3322 def.
1217 3303 1218 3308 =

96 3327 192 3400 Kffiger
216 3333 256 3387 ad
279 3333 361 3388 Dion,
380 3334 451 3390 Hist.
474 3353 502 3404 p.
522 3340 558 3388 94
630 3341 645 3389 6
669 3333 875 3424 κεκοσμημένος
899 3335 920 3388 0
944 3338 1056 3404 praeter
1067 3335 1098 3423 ,Β
1217 3319 1218 3390 ό

96 3405 121 3454 14
137 3402 175 3466 είς
194 3401 277 3458 οἷκον
295 3403 348 3458 ΔΒ
395 3410 427 3459 17
446 3405 615 3475 πονηράς-
629 3405 821 3475 διαλλαγαςΒ
869 3413 900 3460 18
920 3404 1098 3477 διαλ<ι>των
1216 3399 1218 3480 χ

95 3471 111 3522 Β
159 3481 194 3530 20
215 3474 365 3545 ἀνεδέχετο
383 3477 405 3529 Β
425 3472 536 3546 ἐδέχετο
554 3477 580 3528 R
634 3483 667 3530 22
687 3478 863 3529 σννελῦότων
881 3475 904 3528 Β
1216 3499 1218 3514 ‹
