2538 3884
514 197 681 250 -Θ-
1038 196 1105 261 383

84 357 238 441 θεωρίας
252 358 413 442 δημόσιόν
427 380 461 422 τε
476 355 531 422 καὶ
547 358 649 444 ἱερόν,
663 357 703 422 τά
716 352 745 422 τ’
763 355 962 444 ἐργαστήρια
976 357 1105 444 <πλήρη

7 449 9 480 ¹
86 463 203 548 ὁρῶν)
231 464 359 529 άπαντα
386 468 574 548 πολεμικῶν
602 463 728 549 ὅπλων,
758 473 825 529 τῶν
853 460 914 548 μέν
939 466 1002 549 ἤδη
1028 481 1107 531 συν-

85 567 348 654 τετελεσμένων,
372 579 439 635 τῶν
462 566 492 635 δ’
521 572 569 635 ἔτι
592 568 629 636 έν
651 568 767 656 χερσὶν
790 571 914 652 όντων,
937 572 1022 654 ἔγνω
1044 572 1107 656 τὴν

87 675 247 742 διάνοιαν
269 675 388 742 αὐτῶν.
425 674 480 742 καὶ
499 675 699 762 ἀφικόμενος
716 678 765 753 είς
782 677 843 760 τὴν
857 673 984 761 Ῥώμην
1003 675 1107 761 ἀπηγ-
1121 675 1142 740 6

86 787 181 865 γειλε
199 784 282 869 πρὸς
299 783 361 867 τὴν
378 786 518 868 βουλήν,
536 784 558 848 ά
575 781 603 848 τ’
621 785 743 868 ἤκουσε
760 780 816 848 καὶ
830 781 850 848 ἃ
864 777 942 847 εἶδε.
971 781 1134 868 κάκείνηι

17 885 196 955 ιθιιούδέν
215 891 263 953 έτι
282 887 482 955 ἐνδοιάσασα
501 891 579 966 τοὺς
597 890 807 976 εἰρηνοδίκας
826 887 1008 974 ἐψηφίσατο
1027 887 1107 974 πέμ-

86 1017 167 1061 πειν
196 999 480 1079 καταγγελοῦντας
507 996 667 1073 Αἰκανοῖς
695 996 754 1060 τὸν
783 997 946 1078 πόλεμον,
975 992 1034 1059 ἐάν
1062 996 1106 1079 μη

6 1115 8 1122 “
85 1103 170 1179 τούς
193 1097 220 1166 τ’
240 1095 420 1166 Ἀντιατῶν
442 1100 595 1186 φυγάδας
617 1099 828 1166 ἀπελάσωσιν
851 1098 887 1164 ἐκ
905 1107 963 1183 τῆς
981 1103 1108 1179 πόλεως

87 1205 147 1273 καλ
171 1208 265 1284 δίκας
287 1218 356 1285 τοῖς
378 1204 590 1291 ἠδικημένοις
611 1206 830 1292 ὑπόσχωνται.
866 1207 902 1271 οί
918 1203 949 1272 δ’
965 1204 1108 1274 Αἰκανοὶ

84 1310 300 1400 θρασυτέρας
321 1314 404 1399 πρὸς
425 1315 504 1391 τοὺς
526 1313 650 1400 ἀνδρας
673 1311 870 1396 ἐποιήσαντο
894 1313 951 1389 τὰς
972 1311 1108 1398 ἀποκρί-
1122 1332 1148 1372 1⁰

86 1437 176 1503 σεις,
203 1416 259 1484 καὶ
286 1419 345 1484 τὸν
372 1420 518 1503 πόλεμον
541 1419 603 1514 οὐκ
626 1418 778 1485 ἀκούσιοι
801 1416 958 1504 δέχεσθαι
981 1419 1108 1503 ὡμολό-
1199 1417 1204 1454 ⁵

6 1581 7 1588 ,
85 1541 207 1610 γησαν.
244 1523 327 1590 ἀλλά
350 1524 413 1610 γάρ
438 1523 499 1590 οὐκ
522 1522 687 1610 ἐξεγένετο
705 1521 876 1609 Ῥωμαίοις
895 1525 1050 1610 στρατιάν
1069 1523 1140 1592 ένῖ

86 1630 206 1721 έκείνφ
236 1638 282 1719 τῷ
312 1629 454 1718 ἐνιαυτῷ
485 1628 534 1695 ἐπ’
566 1629 687 1707 αὐτοὺς
717 1629 925 1715 ἀποστεῖλαι,
953 1637 1018 1696 εἴτε
1046 1640 1106 1697 τοῦ

87 1739 268 1822 δαιμονίου
286 1738 487 1821 κωλύοντος,
507 1743 571 1803 είτε
591 1737 646 1803 διά
665 1737 722 1816 τάς
739 1739 873 1821 νόσους,
892 1740 929 1802 αἳ
944 1735 1105 1823 κατέσχον

88 1844 154 1927 την
177 1845 313 1927 πληθὺν
336 1840 389 1908 ἐπὶ
411 1845 498 1908 πολὺ
521 1841 620 1930 μέρος
641 1852 701 1909 τοῦ
725 1846 831 1921 ἔτους·
855 1841 940 1909 ἀλλά
957 1849 1108 1928 φυλακῆς
1121 1862 1147 1904 15

88 1948 189 2016 ἕνεκα
211 1959 278 2015 τῶν
302 1948 483 2035 συμμάχων
507 1950 602 2034 ὀλίγη
624 1973 674 2028 τις
692 1949 875 2030 ἐξελθοῦσα
894 1950 1046 2035 δύναμις,
1069 1945 1109 2034 ης

88 2055 204 2140 ἡγεῖτο
236 2058 381 2133 Κόιντος
412 2059 609 2140 Σερουίλιος
640 2057 755 2141 ἅτερος
786 2067 853 2122 τῶν
886 2056 1038 2140 ὑπάτων,
1070 2054 1107 2120 έν

87 2171 161 2239 τοῖς
188 2164 344 2227 Λατίνων
373 2160 464 2244 ὅροις
494 2158 669 2245 διέτριψεν.
721 2159 759 2225 έν
790 2156 826 2225 δέ
855 2169 894 2246 τῇ
924 2164 1019 2227 πόλει
1048 2162 1141 2228 τὸν8

88 2269 179 2334 νεὼν
193 2277 253 2334 τοῦ
266 2269 409 2332 Πιστίου
424 2268 508 2344 Διὸς
521 2269 669 2351 Σπόριος
682 2268 875 2350 Ποστόμιος
886 2266 905 2332 ὁ
920 2268 1107 2344 συνύπατος

90 2375 197 2441 αὐτοῦ
217 2371 402 2460 καθιέρωσε
421 2374 525 2457 μηνὸς
540 2369 684 2439 Ἰουνίου
703 2382 774 2450 ταῖς
792 2369 1011 2456 καλουμέναις
1026 2373 1106 2438 ’Νώ-
1120 2393 1146 2433 το

21 2497 167 2559 1915ναις
195 2479 247 2546 ἐπὶ
274 2489 334 2547 τοῦ
359 2477 535 2545 Ἐνυαλίου
559 2482 685 2564 λόφου,
712 2475 1022 2544 κατασκευασθέντα
1045 2474 1106 2564 μέν

90 2589 159 2653 ὑπὸ
182 2597 242 2654 τοῦ
265 2589 455 2653 τελευταίου
476 2583 637 2671 βασιλέως
660 2588 859 2673 Ταρκυνίου,
881 2593 939 2669 τῆς
958 2580 995 2649 δὲ
1013 2608 1107 2668 νομι-

93 2691 230 2778 ζομένης
258 2695 347 2781 παρὰ
372 2690 543 2777 Ῥωμαίοις
573 2691 777 2775 ἀνιερώσεως
807 2691 847 2757 οὐ
877 2693 1018 2775 τυχόντα
1047 2687 1104 2756 ὑπ’

94 2798 233 2866 ἐκείνου.
269 2803 343 2866 τότε
366 2795 404 2864 δὲ
427 2807 466 2885 τῇ
489 2803 595 2885 βουλῇ
618 2796 719 2876 δόξαν
743 2796 968 2882 ὁΠοστόμιος
990 2798 1108 2882 ἔλαβεν

166 3029 180 3076 1
201 3024 342 3093 δημοσίων
360 3045 389 3080 τε
408 3027 458 3080 καλ
477 3023 559 3096 ίερῶν
578 3024 601 3080 0
621 3042 690 3081 corr.
706 3025 828 3080 Sinbenis
842 3025 903 3080 Em.
917 3024 998 3080 Dion.
1013 3023 1053 3077 111
1068 3028 1084 3077 7
1100 3023 1104 3094 Ι

92 3092 184 3163 πλήρη
205 3092 277 3162 δρῶν
296 3111 349 3152 om.
370 3095 392 3151 0
412 3097 477 3152 εδδ.
497 3097 620 3152 Sintenis
639 3095 658 3152 l.
677 3095 696 3152 l.
769 3103 786 3152 4
809 3094 976 3168 ἀπήγγελίίλε
995 3095 1017 3148 Β
1090 3101 1106 3149 6

93 3160 310 3238 ένδ<οι>άσασα
332 3165 355 3219 Β
465 3174 479 3222 7
506 3165 743 3237 καταγγέλλοντας
765 3166 845 3221 ABG
868 3169 1108 3235 καταγγελοῦντας

93 3235 168 3306 Omg
239 3240 256 3290 9
274 3235 347 3291 ὁπότ
364 3254 432 3292 ωσιν
452 3236 540 3292 Cobet
554 3236 618 3294 Obs.
634 3257 661 3308 p.
678 3245 730 3294 184
803 3243 835 3291 12
855 3231 1041 3310 έξ<εγέ>νιτο
1059 3234 1106 3291 Bb

92 3310 122 3362 in
140 3325 193 3362 ras.
258 3313 291 3362 16
310 3305 387 3432 <gc
404 3308 428 3361 B
492 3316 526 3364 20
545 3308 700 3373 ΝώναιςΑ
718 3309 846 3371 Νόνναις
863 3307 911 3360 Bb
974 3311 1007 3361 21
1024 3305 1108 3360 Ἐνα-

93 3379 153 3433 λίου
173 3377 196 3434 0
215 3379 328 3448 praeter
440 3386 474 3434 23
493 3378 709 3453 <ἀνιε>ρώσεως
726 3380 749 3433 Β
770 3382 774 3449 Ι
796 3375 865 3447 παρ’
887 3373 997 3433 ἐκείνου
1018 3377 1037 3432 0
1057 3373 1104 3431 ἐπ’

94 3443 204 3505 ἐκείνου
223 3449 246 3505 ο.
265 3449 367 3505 Portus
440 3455 475 3506 24
493 3449 554 3505 τότε
573 3458 607 3521 τῇ
627 3451 649 3506 O
668 3455 781 3521 praeter
798 3448 824 3503 A
