2508 3882
159 250 224 314 278
581 247 747 298 -Θ-

158 435 262 495 τινας,
280 411 389 494 ὥσπερ
408 407 566 491 ἐποίησαν
585 408 621 472 οί
636 407 700 491 πρὸ
719 407 830 470 αὐτῶν
847 406 979 488 ὕπατοι,
999 403 1232 487 διέστησανιιιι

159 520 196 583 τὸ
220 515 367 602 ἀρχεῖον·
390 512 444 579 καὶ
468 514 548 598 μετὰ
569 509 658 577 τοῦτ’
682 514 844 598 ἔπραττον
867 509 922 576 ἐπὶ
939 514 1065 594 πολλῆς
1083 509 1174 586 ἐξου-

124 626 233 700 2σίας
260 625 300 688 τά
329 620 470 699 δόξαντα
497 629 536 704 τῇ
564 623 679 703 βουλῇ.
725 615 906 702 γενομένης
934 613 972 680 δέ
999 625 1056 699 τῆς
1078 638 1174 680 κατα-

160 738 290 814 γραφῆς
308 726 345 793 ἐν
363 727 491 809 ὀλίγαις
508 723 644 811 ἡμέραις
662 721 800 810 ἐξῄεσαν
819 721 873 789 έτιλ
891 725 970 799 τοὺς
987 726 1174 806 πολεμίους,

134 837 224 902 ιδύο
247 832 308 920 μέν
331 831 483 918 ἑκάτερος
505 833 597 915 ἀγων
615 828 785 915 Ῥωμαίων
808 830 955 913 τάγματα
977 839 1046 894 τῶν
1065 826 1098 905 ἐξ
1117 827 1173 891 αὐ-

160 952 218 1026 τῆς
240 938 519 1024 καταγραφέντων
541 946 599 1020 τῆς
615 939 754 1019 πόλεως,
778 935 839 1001 οὐκ
858 933 981 1000 ἐλάττω
1000 931 1039 1000 δὲ
1056 933 1174 1028 ταύτης

162 1059 254 1131 χεῖρα
282 1047 343 1129 τὴν
368 1045 433 1109 ὑπὸ
457 1056 523 1108 τῶν
546 1043 695 1109 ἀποίκων
717 1065 751 1106 τε
775 1038 830 1107 καὶ
853 1042 1009 1125 ὑπηκόων
1033 1040 1173 1105 ἀποστα-

162 1158 283 1217 λεῖσαν.
329 1149 464 1234 ἀφίκετο
494 1147 524 1214 δ’
552 1149 664 1225 αὐτοῖς
688 1150 777 1232 παρά
799 1155 860 1213 τοῦ
883 1150 1039 1212 Λατίνων
1062 1143 1174 1210 τεκαὶ

84 1310 92 1323 .
158 1255 320 1342 Ἑρνίκων
339 1258 461 1332 ἔθνους
480 1255 657 1320 διπλάσιον
675 1263 735 1320 τοῦ
753 1251 935 1338 κληθέντος
954 1251 1173 1336 ἐπικουρικόν.

121 1383 147 1423 10
161 1363 201 1428 οὐ
229 1365 294 1447 μην
323 1360 504 1447 ἐχρήσαντό
532 1383 570 1443 γε
592 1364 703 1425 παντί·
732 1361 860 1443 πολλὴν
883 1355 920 1424 δέ
942 1359 1041 1444 χάριν
1065 1359 1174 1432 αὐτοῖς

160 1468 285 1534 είδέναι
308 1470 472 1552 φήσαντες
489 1475 546 1550 τῆς
564 1469 755 1549 προθυμίας
773 1463 941 1530 ἀπέλυσαν
959 1472 1017 1546 τῆς
1035 1462 1173 1528 ἀποστά-

127 1580 272 1659 3λείσης
295 1574 467 1657 δυνάμεως
488 1574 549 1656 τὴν
573 1570 735 1656 ἡμίσειαν.
771 1568 888 1648 ἔταξαν
906 1566 945 1635 δέ
962 1567 1017 1634 καὶ
1035 1571 1101 1654 πρὸ
1120 1578 1175 1652 τῆς

163 1685 289 1756 πόλεως
311 1683 422 1760 τρίτον
447 1677 483 1743 ἐκ
507 1679 600 1743 δυεῖν
623 1678 797 1762 ταγμάτων
820 1689 887 1742 τῶν
910 1675 947 1742 έν
970 1677 1055 1760 ἀκμῇ
1080 1693 1175 1758 στρα-

164 1787 235 1868 τόν,
257 1785 389 1869 φύλακα
411 1794 469 1867 τῆς
487 1787 595 1869 χώρας
614 1783 785 1868 ἐσόμενον,
807 1789 841 1848 εί
855 1806 905 1860 τις
923 1779 1017 1866 ἑτέρα
1036 1783 1175 1866 δύναμις

123 1908 148 1949 τι
163 1892 330 1973 πολεμίων
358 1889 394 1954 ἐκ
420 1899 481 1955 τοῦ
504 1889 669 1974 ἀδοκήτου
692 1892 825 1974 φανείη·
853 1892 931 1965 τοὺς
954 1885 985 1952 δ’
1010 1885 1096 1974 ὑπὲρ
1118 1889 1175 1952 τὸν

163 1997 399 2075 στρατιωτικὸν
431 1989 631 2080 κατάλογον,
663 1987 713 2072 οἷς
744 1998 791 2060 ἐτι
822 1995 962 2079 δύναμις
991 1990 1033 2077 ἀν
1064 1993 1175 2059 ὅπλων

161 2104 319 2187 χρήσεως,
353 2098 389 2165 έν
418 2110 456 2186 τῇ
487 2104 581 2166 πόλει
609 2100 785 2166 κατέλιπον
813 2101 915 2187 ἀκρας
941 2123 975 2165 τε
1003 2098 1059 2166 καὶ
1089 2103 1175 2185 τείχη

124 2207 377 2291 4φυλάξοντας.
427 2206 607 2290 ἀγαγόντες
639 2204 677 2272 δὲ
708 2211 850 2292 πλησίον
878 2216 935 2290 τῆς
963 2204 1176 2271 Οὐιεντανῶν

161 2315 288 2390 πόλεως
317 2314 375 2389 τάς
402 2313 560 2398 δυνάμεις
587 2311 951 2399 κατεστρατοπέδευσαν
979 2309 1033 2377 ἐπὶ
1060 2315 1176 2396 λόφοις

123 2437 149 2477 20
164 2417 262 2484 δυσὶν
285 2419 325 2484 οὐ
349 2421 477 2505 μακράν
496 2419 716 2503 ἀφεστηκόσιν
735 2415 790 2484 ἀπ’
808 2418 970 2503 ἀλλήλων.
1003 2413 1047 2502 ἧν
1064 2414 1103 2482 δέ
1120 2415 1232 2482 καὶιιοο

162 2524 183 2607 ἡ
207 2535 273 2590 τῶν
296 2530 466 2610 πολεμίων
489 2526 629 2610 δύναμις
652 2523 926 2612 ἐξεστρατευμένη
950 2527 1014 2608 πρὸ
1037 2532 1096 2608 της
1118 2527 1177 2588 πό-

163 2635 245 2706 λεως
275 2634 381 2716 πολλή
413 2655 448 2696 τε
481 2629 536 2696 καὶ
568 2631 687 2715 ἀγαθή.
740 2632 1014 2715 συνεληλύθεσαν
1045 2631 1110 2715 γάρ
1143 2627 1175 2706 ἐξ

164 2725 313 2818 ἀπάσης)
318 2739 503 2822 Τυρρηνίας
526 2738 561 2800 οί
582 2739 807 2822 δυνατώτατοι
829 2741 908 2814 τοὺς
931 2735 1057 2802 ἑαυτῶν
1081 2733 1175 2800 πενέ-

126 2880 130 2885 -
164 2857 242 2915 στας
269 2838 482 2923 ἐπαγόμενοι,
509 2838 564 2905 καὶ
593 2840 721 2923 ἐγένετο
750 2854 810 2909 τοῦ
827 2841 1010 2927 Ῥωμαικοῦ
1033 2851 1177 2923 στρατοῦ

122 2927 275 3039 ἕξμεῐζον
301 2947 338 3009 τὸ
368 2947 574 3031 Τυρρηνικὸν
598 2947 658 3012 οὐκ
681 2948 792 3037 όλίγφ.
838 2959 906 3025 τοῖς
929 2944 959 3012 δ’
980 2947 1118 3024 ὑπάτοις
1140 2949 1177 3011 τό

162 3075 197 3117 τε
224 3057 355 3135 πλῆθος
382 3051 484 3136 ὁρῶσι
511 3063 578 3116 τῶν
605 3058 774 3138 πολεμίων
801 3052 856 3118 καλ
883 3054 943 3136 την
966 3056 1177 3138 λαμπρότητα

162 3169 229 3224 τῶν
259 3157 371 3222 ὅπλων
401 3160 486 3223 πολὺ
518 3157 592 3235 δέος
620 3158 750 3225 ἐνέπεσε
757 3202 774 3244 ,-
802 3163 846 3245 μή
874 3156 945 3224 ποτ’
979 3157 1039 3244 οὐχ
1069 3157 1177 3224 ίκανολ

234 3358 249 3404 9
270 3345 449 3421 ἐπικουρικοῦ
467 3352 488 3404 O
508 3346 688 3421 ἐπικουρικὸν
703 3351 806 3406 Reiske
863 3357 896 3405 10
915 3349 1006 3419 πάντη
1021 3349 1073 3404 ΑΟ
1091 3349 1175 3404 παντὶ

161 3419 248 3539 Ruti(
259 3421 344 3475 παντὶ
363 3438 386 3476 υ.
400 3421 529 3475 Hertlein
542 3421 658 3475 Hermes
673 3422 698 3475 X
713 3428 765 3476 418
839 3428 874 3476 13*
890 3421 939 3476 τὸν
959 3416 990 3475 ἐν
1008 3421 1086 3492 ἀκμῇ
1108 3437 1174 3476 corr.

190 3503 229 3540 e1s
252 3506 266 3541 e
