<?xml version="1.0" encoding="UTF-8"?>
<!DOCTYPE html PUBLIC "-//W3C//DTD XHTML 1.0 Transitional//EN"
    "http://www.w3.org/TR/xhtml1/DTD/xhtml1-transitional.dtd">
<html xmlns="http://www.w3.org/1999/xhtml" xml:lang="en" lang="en">
 <head>
  <title>
</title>
<meta http-equiv="Content-Type" content="text/html;charset=utf-8" />
  <meta name='ocr-system' content='tesseract 3.04.00' />
  <meta name='ocr-capabilities' content='ocr_page ocr_carea ocr_par ocr_line ocrx_word'/>
</head>
<body>
  <div class='ocr_page' id='page_1' title='image "./antiquitatumrom02jacogoog_0228.png"; bbox 0 0 2508 3882; ppageno 0'>
   <div class='ocr_carea' id='block_1_1' title="bbox 493 209 1081 274">
    <p class='ocr_par' dir='ltr' id='par_1_1' title="bbox 493 209 1081 274">
     <span class='ocr_line' id='line_1_1' title="bbox 493 209 1081 274; baseline 0.003 -2"><span class='ocrx_word' id='word_1_1' title='bbox 493 212 660 261; x_wconf 52' lang='grc' dir='ltr'><strong><em>ἡ-Η--</em></strong></span> <span class='ocrx_word' id='word_1_2' title='bbox 1019 209 1081 274; x_wconf 87' lang='grc'><strong><em>199</em></strong></span> 
     </span>
    </p>
   </div>
   <div class='ocr_carea' id='block_1_2' title="bbox 86 367 1117 562">
    <p class='ocr_par' dir='ltr' id='par_1_2' title="bbox 86 367 1117 562">
     <span class='ocr_line' id='line_1_2' title="bbox 87 367 1117 455; baseline 0.004 -21"><span class='ocrx_word' id='word_1_3' title='bbox 87 371 199 454; x_wconf 78' lang='grc' dir='ltr'><strong><em>φθόνος</em></strong></span> <span class='ocrx_word' id='word_1_4' title='bbox 230 367 267 435; x_wconf 89' lang='grc' dir='ltr'><strong><em>έκ</em></strong></span> <span class='ocrx_word' id='word_1_5' title='bbox 291 379 359 434; x_wconf 80' lang='grc' dir='ltr'><strong><em>τῶν</em></strong></span> <span class='ocrx_word' id='word_1_6' title='bbox 387 368 721 455; x_wconf 76' lang='grc' dir='ltr'><strong><em>συμπολιτευομένων</em></strong></span> <span class='ocrx_word' id='word_1_7' title='bbox 747 371 870 447; x_wconf 86' lang='grc' dir='ltr'><strong><em>ἀδικος.</em></strong></span> <span class='ocrx_word' id='word_1_8' title='bbox 921 368 992 436; x_wconf 88' lang='grc' dir='ltr'><strong><em>ἀλλ’</em></strong></span> <span class='ocrx_word' id='word_1_9' title='bbox 1024 371 1117 438; x_wconf 58' lang='lat' dir='ltr'><em>civ-6</em></span> 
     </span>
     <span class='ocr_line' id='line_1_3' title="bbox 86 471 1081 562; baseline 0.004 -23"><span class='ocrx_word' id='word_1_10' title='bbox 86 478 260 561; x_wconf 78' lang='grc' dir='ltr'><strong><em>θροπίνως,</em></strong></span> <span class='ocrx_word' id='word_1_11' title='bbox 290 471 315 540; x_wconf 82' lang='grc' dir='ltr'><strong>ὧ</strong></span> <span class='ocrx_word' id='word_1_12' title='bbox 342 476 492 562; x_wconf 80' lang='grc' dir='ltr'><em>Μάρκιε,</em></span> <span class='ocrx_word' id='word_1_13' title='bbox 523 474 664 562; x_wconf 88' lang='grc' dir='ltr'><strong><em>φέρουσι</em></strong></span> <span class='ocrx_word' id='word_1_14' title='bbox 691 475 746 542; x_wconf 87' lang='grc' dir='ltr'><strong><em>καλ</em></strong></span> <span class='ocrx_word' id='word_1_15' title='bbox 774 480 913 562; x_wconf 78' lang='grc' dir='ltr'><strong><em>μετρίως</em></strong></span> <span class='ocrx_word' id='word_1_16' title='bbox 940 479 1081 556; x_wconf 76' lang='grc' dir='ltr'><strong><em>ἅπαντες</em></strong></span> 
     </span>
    </p>
   </div>
   <div class='ocr_carea' id='block_1_3' title="bbox 15 581 1120 3006">
    <p class='ocr_par' dir='ltr' id='par_1_3' title="bbox 83 581 1120 1201">
     <span class='ocr_line' id='line_1_4' title="bbox 86 581 1080 669; baseline 0.002 -22"><span class='ocrx_word' id='word_1_17' title='bbox 86 584 114 648; x_wconf 85' lang='grc' dir='ltr'><strong><em>ολ</em></strong></span> <span class='ocrx_word' id='word_1_18' title='bbox 126 593 264 666; x_wconf 77' lang='grc' dir='ltr'><strong><em>γενναῖοι</em></strong></span> <span class='ocrx_word' id='word_1_19' title='bbox 283 584 340 659; x_wconf 83' lang='grc' dir='ltr'><strong><em>τάς</em></strong></span> <span class='ocrx_word' id='word_1_20' title='bbox 358 583 544 669; x_wconf 83' lang='grc' dir='ltr'><strong><em>συμφοράς,</em></strong></span> <span class='ocrx_word' id='word_1_21' title='bbox 563 581 618 648; x_wconf 82' lang='grc' dir='ltr'><strong><em>καὶ</em></strong></span> <span class='ocrx_word' id='word_1_22' title='bbox 631 586 745 660; x_wconf 90' lang='grc' dir='ltr'><strong><em>πόλεις</em></strong></span> <span class='ocrx_word' id='word_1_23' title='bbox 758 583 1080 668; x_wconf 77' lang='grc' dir='ltr'><strong><em>μεταλαμβάνουσιν,</em></strong></span> 
     </span>
     <span class='ocr_line' id='line_1_5' title="bbox 86 679 1079 775; baseline 0.002 -23"><span class='ocrx_word' id='word_1_24' title='bbox 86 687 114 752; x_wconf 82' lang='grc' dir='ltr'><strong><em>ἐν</em></strong></span> <span class='ocrx_word' id='word_1_25' title='bbox 140 679 186 766; x_wconf 84' lang='grc' dir='ltr'><strong><em>αἶς</em></strong></span> <span class='ocrx_word' id='word_1_26' title='bbox 221 691 414 774; x_wconf 80' lang='grc' dir='ltr'><strong><em>οἰκήσαντες</em></strong></span> <span class='ocrx_word' id='word_1_27' title='bbox 450 686 556 755; x_wconf 70' lang='grc' dir='ltr'><strong><em>οὐδὲν</em></strong></span> <span class='ocrx_word' id='word_1_28' title='bbox 591 693 777 774; x_wconf 76' lang='grc' dir='ltr'><strong><em>λυπήσουσι</em></strong></span> <span class='ocrx_word' id='word_1_29' title='bbox 813 689 872 767; x_wconf 85' lang='grc' dir='ltr'><strong><em>τάς</em></strong></span> <span class='ocrx_word' id='word_1_30' title='bbox 907 692 1079 775; x_wconf 78' lang='grc' dir='ltr'><strong><em>πατρίδας·</em></strong></span> 
     </span>
     <span class='ocr_line' id='line_1_6' title="bbox 85 793 1120 881; baseline 0 -22"><span class='ocrx_word' id='word_1_31' title='bbox 85 795 176 881; x_wconf 76' lang='grc' dir='ltr'><strong><em>ὥσπερ</em></strong></span> <span class='ocrx_word' id='word_1_32' title='bbox 201 793 256 860; x_wconf 86' lang='grc' dir='ltr'><strong><em>καλ</em></strong></span> <span class='ocrx_word' id='word_1_33' title='bbox 290 797 474 879; x_wconf 85' lang='grc' dir='ltr'><strong><em>Ταρκύνιος</em></strong></span> <span class='ocrx_word' id='word_1_34' title='bbox 502 795 657 880; x_wconf 78' lang='grc' dir='ltr'><strong><em>ἐποίησεν</em></strong></span> <span class='ocrx_word' id='word_1_35' title='bbox 684 795 702 862; x_wconf 87' lang='grc' dir='ltr'><strong><em>ό</em></strong></span> <span class='ocrx_word' id='word_1_36' title='bbox 731 799 936 873; x_wconf 77' lang='grc' dir='ltr'><strong><em>Κολλατῖνος</em></strong></span> <span class='ocrx_word' id='word_1_37' title='bbox 969 795 1079 862; x_wconf 80' lang='grc' dir='ltr'><strong><em>ἐπεκα·</em></strong></span> <span class='ocrx_word' id='word_1_38' title='bbox 1106 818 1120 859; x_wconf 86' lang='grc' dir='ltr'><strong><em>ε</em></strong></span> 
     </span>
     <span class='ocr_line' id='line_1_7' title="bbox 85 900 1080 987; baseline 0.004 -22"><span class='ocrx_word' id='word_1_39' title='bbox 85 902 237 985; x_wconf 82' lang='grc' dir='ltr'><strong><em>λούμενος·</em></strong></span> <span class='ocrx_word' id='word_1_40' title='bbox 263 903 395 984; x_wconf 88' lang='grc' dir='ltr'><strong><em>[ίκανὸν</em></strong></span> <span class='ocrx_word' id='word_1_41' title='bbox 413 903 451 968; x_wconf 78' lang='grc' dir='ltr'><strong><em>ἓν</em></strong></span> <span class='ocrx_word' id='word_1_42' title='bbox 468 901 678 987; x_wconf 82' lang='grc' dir='ltr'><strong><em>παράδειγμα</em></strong></span> <span class='ocrx_word' id='word_1_43' title='bbox 695 900 751 967; x_wconf 83' lang='grc' dir='ltr'><strong><em>καί</em></strong></span> <span class='ocrx_word' id='word_1_44' title='bbox 770 903 922 983; x_wconf 85' lang='grc' dir='ltr'><strong><em>οίκείον·]</em></strong></span> <span class='ocrx_word' id='word_1_45' title='bbox 946 901 982 978; x_wconf 81' lang='grc' dir='ltr'><strong><em>ὃς</em></strong></span> <span class='ocrx_word' id='word_1_46' title='bbox 1000 919 1080 969; x_wconf 90' lang='grc' dir='ltr'><strong><em>συν-</em></strong></span> 
     </span>
     <span class='ocr_line' id='line_1_8' title="bbox 83 1008 1078 1094; baseline 0.001 -22"><span class='ocrx_word' id='word_1_47' title='bbox 83 1009 292 1094; x_wconf 81' lang='grc' dir='ltr'><strong><em>ελευθερώσας</em></strong></span> <span class='ocrx_word' id='word_1_48' title='bbox 314 1008 378 1076; x_wconf 83' lang='grc' dir='ltr'><strong><em>ἀπὸ</em></strong></span> <span class='ocrx_word' id='word_1_49' title='bbox 402 1019 470 1075; x_wconf 82' lang='grc' dir='ltr'><strong><em>τῶν</em></strong></span> <span class='ocrx_word' id='word_1_50' title='bbox 492 1009 667 1094; x_wconf 89' lang='grc' dir='ltr'><strong><em>τυράννων</em></strong></span> <span class='ocrx_word' id='word_1_51' title='bbox 690 1011 768 1086; x_wconf 86' lang='grc' dir='ltr'><strong><em>τοὺς</em></strong></span> <span class='ocrx_word' id='word_1_52' title='bbox 791 1011 937 1093; x_wconf 87' lang='grc' dir='ltr'><strong><em>πολίτας,</em></strong></span> <span class='ocrx_word' id='word_1_53' title='bbox 967 1011 1078 1074; x_wconf 79' lang='grc' dir='ltr'><strong><em>ἔπειτα</em></strong></span> 
     </span>
     <span class='ocr_line' id='line_1_9' title="bbox 83 1112 1079 1201; baseline 0.003 -24"><span class='ocrx_word' id='word_1_54' title='bbox 83 1112 257 1199; x_wconf 76' lang='grc' dir='ltr'><strong><em>διαβληθεὶς</em></strong></span> <span class='ocrx_word' id='word_1_55' title='bbox 284 1117 368 1201; x_wconf 90' lang='grc' dir='ltr'><strong><em>πρὸς</em></strong></span> <span class='ocrx_word' id='word_1_56' title='bbox 396 1115 520 1192; x_wconf 84' lang='grc' dir='ltr'><strong><em>αὐτοὺς</em></strong></span> <span class='ocrx_word' id='word_1_57' title='bbox 550 1115 595 1192; x_wconf 83' lang='grc' dir='ltr'><strong><em>ὡς</em></strong></span> <span class='ocrx_word' id='word_1_58' title='bbox 628 1114 847 1200; x_wconf 75' lang='grc' dir='ltr'><strong><em>συμπράττων</em></strong></span> <span class='ocrx_word' id='word_1_59' title='bbox 879 1115 980 1180; x_wconf 88' lang='grc' dir='ltr'><strong><em>πάλιν</em></strong></span> <span class='ocrx_word' id='word_1_60' title='bbox 1010 1125 1079 1192; x_wconf 71' lang='grc' dir='ltr'><strong><em>τοῖς</em></strong></span> 
     </span>
    </p>

    <p class='ocr_par' dir='ltr' id='par_1_4' title="bbox 38 1218 1118 1626">
     <span class='ocr_line' id='line_1_10' title="bbox 38 1218 1079 1306; baseline 0.007 -28"><span class='ocrx_word' id='word_1_61' title='bbox 38 1221 237 1306; x_wconf 79' lang='grc' dir='ltr'><strong><em>ωιιιυράυνοις</em></strong></span> <span class='ocrx_word' id='word_1_62' title='bbox 260 1222 324 1305; x_wconf 81' lang='grc' dir='ltr'><strong><em>την</em></strong></span> <span class='ocrx_word' id='word_1_63' title='bbox 347 1219 510 1306; x_wconf 76' lang='grc' dir='ltr'><strong><em>κάθοδον,</em></strong></span> <span class='ocrx_word' id='word_1_64' title='bbox 533 1219 589 1287; x_wconf 85' lang='grc' dir='ltr'><strong><em>καλ</em></strong></span> <span class='ocrx_word' id='word_1_65' title='bbox 612 1221 669 1287; x_wconf 85' lang='grc' dir='ltr'><strong><em>διά</em></strong></span> <span class='ocrx_word' id='word_1_66' title='bbox 691 1229 789 1287; x_wconf 86' lang='grc' dir='ltr'><strong><em>τοῦτο</em></strong></span> <span class='ocrx_word' id='word_1_67' title='bbox 814 1218 1002 1300; x_wconf 81' lang='grc' dir='ltr'><strong><em>ἐξελασθείς</em></strong></span> <span class='ocrx_word' id='word_1_68' title='bbox 1020 1219 1079 1285; x_wconf 83' lang='grc' dir='ltr'><strong><em>αὐ-</em></strong></span> 
     </span>
     <span class='ocr_line' id='line_1_11' title="bbox 80 1325 1118 1413; baseline 0 -25"><span class='ocrx_word' id='word_1_69' title='bbox 80 1327 122 1402; x_wconf 84' lang='grc' dir='ltr'><strong><em>τὸς</em></strong></span> <span class='ocrx_word' id='word_1_70' title='bbox 141 1325 174 1392; x_wconf 85' lang='grc' dir='ltr'><strong><em>έκ</em></strong></span> <span class='ocrx_word' id='word_1_71' title='bbox 194 1335 252 1411; x_wconf 82' lang='grc' dir='ltr'><strong><em>της</em></strong></span> <span class='ocrx_word' id='word_1_72' title='bbox 275 1329 446 1411; x_wconf 75' lang='grc' dir='ltr'><strong><em>πατρίδος,</em></strong></span> <span class='ocrx_word' id='word_1_73' title='bbox 469 1327 531 1394; x_wconf 89' lang='grc' dir='ltr'><strong><em>οὐκ</em></strong></span> <span class='ocrx_word' id='word_1_74' title='bbox 550 1325 761 1412; x_wconf 78' lang='grc' dir='ltr'><strong><em>ἐμνησικάκει</em></strong></span> <span class='ocrx_word' id='word_1_75' title='bbox 780 1329 863 1413; x_wconf 88' lang='grc' dir='ltr'><strong><em>πρὸς</em></strong></span> <span class='ocrx_word' id='word_1_76' title='bbox 880 1329 958 1404; x_wconf 85' lang='grc' dir='ltr'><strong><em>τοὺς</em></strong></span> <span class='ocrx_word' id='word_1_77' title='bbox 981 1325 1077 1411; x_wconf 89' lang='grc' dir='ltr'><strong><em>έκβα-</em></strong></span> <span class='ocrx_word' id='word_1_78' title='bbox 1092 1349 1118 1388; x_wconf 82' lang='grc' dir='ltr'><strong><em>ιο</em></strong></span> 
     </span>
     <span class='ocr_line' id='line_1_12' title="bbox 80 1429 1076 1519; baseline 0.003 -24"><span class='ocrx_word' id='word_1_79' title='bbox 80 1433 177 1509; x_wconf 87' lang='grc' dir='ltr'><strong><em>λόντας</em></strong></span> <span class='ocrx_word' id='word_1_80' title='bbox 198 1431 315 1518; x_wconf 84' lang='grc' dir='ltr'><strong><em>αὐτόν,</em></strong></span> <span class='ocrx_word' id='word_1_81' title='bbox 339 1429 414 1499; x_wconf 87' lang='grc' dir='ltr'><strong><em>οὐδ’</em></strong></span> <span class='ocrx_word' id='word_1_82' title='bbox 442 1433 656 1519; x_wconf 79' lang='grc' dir='ltr'><strong><em>ἐπεστράτευε</em></strong></span> <span class='ocrx_word' id='word_1_83' title='bbox 675 1441 714 1518; x_wconf 73' lang='grc' dir='ltr'><strong><em>τῇ</em></strong></span> <span class='ocrx_word' id='word_1_84' title='bbox 737 1435 832 1498; x_wconf 88' lang='grc' dir='ltr'><strong><em>πόλει</em></strong></span> <span class='ocrx_word' id='word_1_85' title='bbox 855 1436 933 1510; x_wconf 84' lang='grc' dir='ltr'><strong><em>τοὺς</em></strong></span> <span class='ocrx_word' id='word_1_86' title='bbox 955 1432 1076 1518; x_wconf 86' lang='grc' dir='ltr'><strong><em>τυράν-</em></strong></span> 
     </span>
     <span class='ocr_line' id='line_1_13' title="bbox 78 1536 1077 1626; baseline 0.002 -25"><span class='ocrx_word' id='word_1_87' title='bbox 78 1559 142 1614; x_wconf 86' lang='grc' dir='ltr'><strong><em>νοος</em></strong></span> <span class='ocrx_word' id='word_1_88' title='bbox 162 1536 380 1624; x_wconf 79' lang='grc' dir='ltr'><strong><em>ἐπαγόμενος,</em></strong></span> <span class='ocrx_word' id='word_1_89' title='bbox 409 1536 481 1606; x_wconf 82' lang='grc' dir='ltr'><strong><em>οὐδ’</em></strong></span> <span class='ocrx_word' id='word_1_90' title='bbox 510 1539 614 1605; x_wconf 78' lang='grc' dir='ltr'><strong><em>ἐποίει</em></strong></span> <span class='ocrx_word' id='word_1_91' title='bbox 637 1541 795 1626; x_wconf 79' lang='grc' dir='ltr'><strong><em>τεκμήρια</em></strong></span> <span class='ocrx_word' id='word_1_92' title='bbox 817 1541 884 1604; x_wconf 83' lang='grc' dir='ltr'><strong><em>τῶν</em></strong></span> <span class='ocrx_word' id='word_1_93' title='bbox 908 1540 1077 1623; x_wconf 75' lang='grc' dir='ltr'><strong><em>διαβολῶν</em></strong></span> 
     </span>
    </p>

    <p class='ocr_par' dir='ltr' id='par_1_5' title="bbox 16 1640 1076 1731">
     <span class='ocr_line' id='line_1_14' title="bbox 16 1640 1076 1731; baseline 0.002 -25"><span class='ocrx_word' id='word_1_94' title='bbox 16 1721 17 1726; x_wconf 12' lang='lat'>¹</span> <span class='ocrx_word' id='word_1_95' title='bbox 79 1644 108 1705; x_wconf 82' lang='grc' dir='ltr'><strong><em>τά</em></strong></span> <span class='ocrx_word' id='word_1_96' title='bbox 132 1646 221 1730; x_wconf 79' lang='grc' dir='ltr'><strong><em>ἔργα,</em></strong></span> <span class='ocrx_word' id='word_1_97' title='bbox 255 1640 329 1710; x_wconf 88' lang='grc' dir='ltr'><strong><em>ἀλλ’</em></strong></span> <span class='ocrx_word' id='word_1_98' title='bbox 360 1647 408 1723; x_wconf 89' lang='grc' dir='ltr'><strong><em>είς</em></strong></span> <span class='ocrx_word' id='word_1_99' title='bbox 439 1647 500 1729; x_wconf 72' lang='grc' dir='ltr'><strong><em>τὴν</em></strong></span> <span class='ocrx_word' id='word_1_100' title='bbox 532 1648 738 1731; x_wconf 83' lang='grc' dir='ltr'><strong><em>μητρόπολιν</em></strong></span> <span class='ocrx_word' id='word_1_101' title='bbox 768 1644 862 1730; x_wconf 77' lang='grc' dir='ltr'><strong><em>ἡμῶν</em></strong></span> <span class='ocrx_word' id='word_1_102' title='bbox 889 1646 1076 1710; x_wconf 84' lang='grc' dir='ltr'><strong><em>Λαουίνιον</em></strong></span> 
     </span>
    </p>

    <p class='ocr_par' dir='ltr' id='par_1_6' title="bbox 16 1747 1075 1837">
     <span class='ocr_line' id='line_1_15' title="bbox 16 1747 1075 1837; baseline 0 -21"><span class='ocrx_word' id='word_1_103' title='bbox 16 1763 17 1816; x_wconf 76' lang='grc' dir='ltr'>ἶ</span> <span class='ocrx_word' id='word_1_104' title='bbox 78 1747 213 1816; x_wconf 76' lang='grc' dir='ltr'><strong><em>ἀπελθὼν</em></strong></span> <span class='ocrx_word' id='word_1_105' title='bbox 237 1750 309 1817; x_wconf 77' lang='grc' dir='ltr'><strong><em>ἐκεῖ</em></strong></span> <span class='ocrx_word' id='word_1_106' title='bbox 332 1752 440 1818; x_wconf 88' lang='grc' dir='ltr'><strong><em>πάντα</em></strong></span> <span class='ocrx_word' id='word_1_107' title='bbox 467 1753 526 1818; x_wconf 91' lang='grc' dir='ltr'><strong><em>τὸν</em></strong></span> <span class='ocrx_word' id='word_1_108' title='bbox 552 1753 673 1819; x_wconf 89' lang='grc' dir='ltr'><strong><em>λοιπὸν</em></strong></span> <span class='ocrx_word' id='word_1_109' title='bbox 696 1750 775 1837; x_wconf 81' lang='grc' dir='ltr'><strong><em>ἐβίω</em></strong></span> <span class='ocrx_word' id='word_1_110' title='bbox 802 1754 926 1837; x_wconf 86' lang='grc' dir='ltr'><strong><em>χρόνον</em></strong></span> <span class='ocrx_word' id='word_1_111' title='bbox 953 1751 1075 1827; x_wconf 77' lang='grc' dir='ltr'><strong><em>εὔνους</em></strong></span> 
     </span>
    </p>

    <p class='ocr_par' dir='ltr' id='par_1_7' title="bbox 15 1854 1115 1943">
     <span class='ocr_line' id='line_1_16' title="bbox 15 1854 1115 1943; baseline 0.001 -19"><span class='ocrx_word' id='word_1_112' title='bbox 15 1921 16 1924; x_wconf 74' lang='grc'><strong><em>,</em></strong></span> <span class='ocrx_word' id='word_1_113' title='bbox 77 1854 166 1941; x_wconf 78' lang='grc' dir='ltr'><strong><em>δντῇ</em></strong></span> <span class='ocrx_word' id='word_1_114' title='bbox 188 1859 326 1943; x_wconf 88' lang='grc' dir='ltr'><strong><em>πατρίδι</em></strong></span> <span class='ocrx_word' id='word_1_115' title='bbox 348 1856 404 1924; x_wconf 83' lang='grc' dir='ltr'><strong><em>καλ</em></strong></span> <span class='ocrx_word' id='word_1_116' title='bbox 426 1863 533 1943; x_wconf 87' lang='grc' dir='ltr'><strong><em>φίλος.</em></strong></span> <span class='ocrx_word' id='word_1_117' title='bbox 1089 1877 1115 1918; x_wconf 83' lang='lat'><strong><em>1⁵</em></strong></span> 
     </span>
    </p>

    <p class='ocr_par' dir='ltr' id='par_1_8' title="bbox 15 1960 1113 2900">
     <span class='ocr_line' id='line_1_17' title="bbox 15 1960 1074 2049; baseline 0.002 -23"><span class='ocrx_word' id='word_1_118' title='bbox 15 1987 17 2002; x_wconf 47' lang='lat' dir='ltr'><strong><em>f</em></strong></span> <span class='ocrx_word' id='word_1_119' title='bbox 127 1962 160 2027; x_wconf 90' lang='lat' dir='ltr'><strong><em>L.</em></strong></span> <span class='ocrx_word' id='word_1_120' title='bbox 187 1962 298 2029; x_wconf 83' lang='grc' dir='ltr'><strong><em>Ἔστω</em></strong></span> <span class='ocrx_word' id='word_1_121' title='bbox 323 1961 352 2028; x_wconf 89' lang='grc' dir='ltr'><strong><em>δ’</em></strong></span> <span class='ocrx_word' id='word_1_122' title='bbox 376 1960 439 2030; x_wconf 83' lang='grc' dir='ltr'><strong><em>οὖν</em></strong></span> <span class='ocrx_word' id='word_1_123' title='bbox 458 1965 557 2049; x_wconf 84' lang='grc' dir='ltr'><strong><em>ὅμως,</em></strong></span> <span class='ocrx_word' id='word_1_124' title='bbox 578 1962 635 2030; x_wconf 82' lang='grc' dir='ltr'><strong><em>καί</em></strong></span> <span class='ocrx_word' id='word_1_125' title='bbox 653 1965 807 2030; x_wconf 79' lang='grc' dir='ltr'><strong><em>δεδόσθω</em></strong></span> <span class='ocrx_word' id='word_1_126' title='bbox 826 1975 895 2041; x_wconf 84' lang='grc' dir='ltr'><strong><em>τοίς</em></strong></span> <span class='ocrx_word' id='word_1_127' title='bbox 917 1965 957 2030; x_wconf 84' lang='grc' dir='ltr'><strong><em>τά</em></strong></span> <span class='ocrx_word' id='word_1_128' title='bbox 980 1965 1074 2030; x_wconf 85' lang='grc' dir='ltr'><strong><em>δεινά</em></strong></span> 
     </span>
     <span class='ocr_line' id='line_1_18' title="bbox 77 2069 1075 2156; baseline 0.003 -25"><span class='ocrx_word' id='word_1_129' title='bbox 77 2075 203 2135; x_wconf 79' lang='grc' dir='ltr'><strong><em>παθοῦσι</em></strong></span> <span class='ocrx_word' id='word_1_130' title='bbox 231 2072 277 2154; x_wconf 80' lang='grc' dir='ltr'><strong><em>μη</em></strong></span> <span class='ocrx_word' id='word_1_131' title='bbox 307 2073 490 2156; x_wconf 87' lang='grc' dir='ltr'><strong><em>διακρίνειν</em></strong></span> <span class='ocrx_word' id='word_1_132' title='bbox 517 2078 582 2136; x_wconf 85' lang='grc' dir='ltr'><strong><em>είτε</em></strong></span> <span class='ocrx_word' id='word_1_133' title='bbox 610 2074 724 2155; x_wconf 88' lang='grc' dir='ltr'><strong><em>φίλιον</em></strong></span> <span class='ocrx_word' id='word_1_134' title='bbox 747 2076 798 2155; x_wconf 89' lang='grc' dir='ltr'><strong><em>είη</em></strong></span> <span class='ocrx_word' id='word_1_135' title='bbox 826 2069 863 2136; x_wconf 80' lang='grc' dir='ltr'><strong><em>τδ</em></strong></span> <span class='ocrx_word' id='word_1_136' title='bbox 891 2081 998 2146; x_wconf 83' lang='grc' dir='ltr'><strong><em>κακῶς</em></strong></span> <span class='ocrx_word' id='word_1_137' title='bbox 1021 2071 1075 2134; x_wconf 88' lang='grc' dir='ltr'><strong><em>δε-</em></strong></span> 
     </span>
     <span class='ocr_line' id='line_1_19' title="bbox 77 2173 1073 2262; baseline 0.003 -27"><span class='ocrx_word' id='word_1_138' title='bbox 77 2173 176 2258; x_wconf 86' lang='grc' dir='ltr'><strong><em>δρακὸς</em></strong></span> <span class='ocrx_word' id='word_1_139' title='bbox 197 2173 257 2242; x_wconf 88' lang='grc' dir='ltr'><strong><em>είτ’</em></strong></span> <span class='ocrx_word' id='word_1_140' title='bbox 282 2176 471 2262; x_wconf 91' lang='grc' dir='ltr'><strong><em>ἀλλότριον,</em></strong></span> <span class='ocrx_word' id='word_1_141' title='bbox 493 2174 565 2242; x_wconf 85' lang='grc' dir='ltr'><strong><em>ἀλλ’</em></strong></span> <span class='ocrx_word' id='word_1_142' title='bbox 596 2183 672 2261; x_wconf 88' lang='grc' dir='ltr'><strong><em>ίσην</em></strong></span> <span class='ocrx_word' id='word_1_143' title='bbox 695 2178 778 2262; x_wconf 90' lang='grc' dir='ltr'><strong><em>πρὸς</em></strong></span> <span class='ocrx_word' id='word_1_144' title='bbox 801 2177 946 2250; x_wconf 79' lang='grc' dir='ltr'><strong><em>ἅπαντας</em></strong></span> <span class='ocrx_word' id='word_1_145' title='bbox 968 2175 1073 2259; x_wconf 73' lang='grc' dir='ltr'><strong><em>ὀργὴν</em></strong></span> 
     </span>
     <span class='ocr_line' id='line_1_20' title="bbox 77 2278 1073 2369; baseline 0.001 -28"><span class='ocrx_word' id='word_1_146' title='bbox 77 2280 157 2363; x_wconf 85' lang='grc' dir='ltr'><strong><em>ἔχειν·</em></strong></span> <span class='ocrx_word' id='word_1_147' title='bbox 183 2278 284 2348; x_wconf 81' lang='grc' dir='ltr'><strong><em>ἔπειτ’</em></strong></span> <span class='ocrx_word' id='word_1_148' title='bbox 312 2283 373 2368; x_wconf 89' lang='grc' dir='ltr'><strong><em>οὐχ</em></strong></span> <span class='ocrx_word' id='word_1_149' title='bbox 402 2283 516 2360; x_wconf 84' lang='grc' dir='ltr'><strong><em>ίκανάς</em></strong></span> <span class='ocrx_word' id='word_1_150' title='bbox 543 2281 755 2369; x_wconf 82' lang='grc' dir='ltr'><strong><em>είσπέπραξαι</em></strong></span> <span class='ocrx_word' id='word_1_151' title='bbox 777 2282 865 2367; x_wconf 86' lang='grc' dir='ltr'><strong><em>παρὰ</em></strong></span> <span class='ocrx_word' id='word_1_152' title='bbox 888 2291 954 2345; x_wconf 82' lang='grc' dir='ltr'><strong><em>τῶν</em></strong></span> <span class='ocrx_word' id='word_1_153' title='bbox 976 2279 1073 2364; x_wconf 87' lang='grc' dir='ltr'><strong><em>ὑβρι-</em></strong></span> 
     </span>
     <span class='ocr_line' id='line_1_21' title="bbox 76 2385 1113 2473; baseline -0.002 -25"><span class='ocrx_word' id='word_1_154' title='bbox 76 2386 185 2454; x_wconf 88' lang='grc' dir='ltr'><strong><em>σάντων</em></strong></span> <span class='ocrx_word' id='word_1_155' title='bbox 208 2406 246 2455; x_wconf 90' lang='grc' dir='ltr'><strong><em>σε</em></strong></span> <span class='ocrx_word' id='word_1_156' title='bbox 271 2390 366 2465; x_wconf 89' lang='grc' dir='ltr'><strong><em>δίκας</em></strong></span> <span class='ocrx_word' id='word_1_157' title='bbox 387 2396 452 2472; x_wconf 77' lang='grc' dir='ltr'><strong><em>γῆν</em></strong></span> <span class='ocrx_word' id='word_1_158' title='bbox 469 2386 498 2453; x_wconf 89' lang='grc' dir='ltr'><strong><em>τ’</em></strong></span> <span class='ocrx_word' id='word_1_159' title='bbox 520 2389 631 2455; x_wconf 80' lang='grc' dir='ltr'><strong><em>αὐτῶν</em></strong></span> <span class='ocrx_word' id='word_1_160' title='bbox 649 2390 710 2473; x_wconf 81' lang='grc' dir='ltr'><strong><em>τὴν</em></strong></span> <span class='ocrx_word' id='word_1_161' title='bbox 728 2387 866 2473; x_wconf 89' lang='grc' dir='ltr'><strong><em>ἀρίστην</em></strong></span> <span class='ocrx_word' id='word_1_162' title='bbox 883 2385 1070 2469; x_wconf 80' lang='grc' dir='ltr'><strong><em>πεποιηκὼς</em></strong></span> <span class='ocrx_word' id='word_1_163' title='bbox 1084 2406 1113 2446; x_wconf 85' lang='grc' dir='ltr'><strong><em>ιο</em></strong></span> 
     </span>
     <span class='ocr_line' id='line_1_22' title="bbox 76 2490 1071 2581; baseline -0.004 -23"><span class='ocrx_word' id='word_1_164' title='bbox 76 2496 242 2578; x_wconf 76' lang='grc' dir='ltr'><strong><em>μηλόβοτον</em></strong></span> <span class='ocrx_word' id='word_1_165' title='bbox 265 2492 322 2560; x_wconf 83' lang='grc' dir='ltr'><strong><em>καί</em></strong></span> <span class='ocrx_word' id='word_1_166' title='bbox 347 2497 460 2572; x_wconf 85' lang='grc' dir='ltr'><strong><em>πόλεις</em></strong></span> <span class='ocrx_word' id='word_1_167' title='bbox 488 2495 764 2581; x_wconf 76' lang='grc' dir='ltr'><strong><em>διαπεπορθηκὼς</em></strong></span> <span class='ocrx_word' id='word_1_168' title='bbox 787 2492 1006 2577; x_wconf 84' lang='grc' dir='ltr'><strong><em>συμμαχίδας,</em></strong></span> <span class='ocrx_word' id='word_1_169' title='bbox 1032 2490 1071 2568; x_wconf 81' lang='grc' dir='ltr'><strong><em>ἀς</em></strong></span> 
     </span>
     <span class='ocr_line' id='line_1_23' title="bbox 76 2597 1068 2686; baseline 0.002 -26"><span class='ocrx_word' id='word_1_170' title='bbox 76 2605 190 2679; x_wconf 85' lang='grc' dir='ltr'><strong><em>πολλοῖς</em></strong></span> <span class='ocrx_word' id='word_1_171' title='bbox 220 2605 339 2677; x_wconf 87' lang='grc' dir='ltr'><strong><em>πόνοις</em></strong></span> <span class='ocrx_word' id='word_1_172' title='bbox 369 2599 555 2686; x_wconf 81' lang='grc' dir='ltr'><strong><em>κτησαμένη</em></strong></span> <span class='ocrx_word' id='word_1_173' title='bbox 587 2599 738 2686; x_wconf 81' lang='grc' dir='ltr'><strong><em>κατέσχε,</em></strong></span> <span class='ocrx_word' id='word_1_174' title='bbox 774 2597 830 2665; x_wconf 84' lang='grc' dir='ltr'><strong><em>καί</em></strong></span> <span class='ocrx_word' id='word_1_175' title='bbox 861 2600 972 2683; x_wconf 86' lang='grc' dir='ltr'><strong><em>τρίτον</em></strong></span> <span class='ocrx_word' id='word_1_176' title='bbox 1004 2599 1068 2683; x_wconf 70' lang='grc' dir='ltr'><strong><em>ἤδη</em></strong></span> 
     </span>
     <span class='ocr_line' id='line_1_24' title="bbox 76 2704 1071 2792; baseline 0.005 -27"><span class='ocrx_word' id='word_1_177' title='bbox 76 2704 146 2770; x_wconf 85' lang='grc' dir='ltr'><strong><em>ταῦτ’</em></strong></span> <span class='ocrx_word' id='word_1_178' title='bbox 172 2711 245 2786; x_wconf 85' lang='grc' dir='ltr'><strong><em>έτος</em></strong></span> <span class='ocrx_word' id='word_1_179' title='bbox 271 2710 319 2786; x_wconf 85' lang='grc' dir='ltr'><strong><em>είς</em></strong></span> <span class='ocrx_word' id='word_1_180' title='bbox 346 2709 474 2792; x_wconf 80' lang='grc' dir='ltr'><strong><em>πολλὴν</em></strong></span> <span class='ocrx_word' id='word_1_181' title='bbox 501 2718 569 2773; x_wconf 81' lang='grc' dir='ltr'><strong><em>τῶν</em></strong></span> <span class='ocrx_word' id='word_1_182' title='bbox 596 2705 787 2790; x_wconf 79' lang='grc' dir='ltr'><strong><em>ἀναγκαίων</em></strong></span> <span class='ocrx_word' id='word_1_183' title='bbox 814 2705 1071 2783; x_wconf 82' lang='grc' dir='ltr'><strong><em>κατακεκλεικὼς</em></strong></span> 
     </span>
     <span class='ocr_line' id='line_1_25' title="bbox 76 2809 1071 2900; baseline 0.005 -27"><span class='ocrx_word' id='word_1_184' title='bbox 76 2809 219 2899; x_wconf 84' lang='grc' dir='ltr'><strong><em>&lt;ιύτοὺς&gt;</em></strong></span> <span class='ocrx_word' id='word_1_185' title='bbox 240 2814 397 2900; x_wconf 82' lang='grc' dir='ltr'><strong><em>ἀπορίαν;</em></strong></span> <span class='ocrx_word' id='word_1_186' title='bbox 416 2811 500 2878; x_wconf 85' lang='grc' dir='ltr'><strong><em>ἀλλά</em></strong></span> <span class='ocrx_word' id='word_1_187' title='bbox 518 2811 573 2879; x_wconf 86' lang='grc' dir='ltr'><strong><em>καλ</em></strong></span> <span class='ocrx_word' id='word_1_188' title='bbox 591 2816 706 2899; x_wconf 90' lang='grc' dir='ltr'><strong><em>πόρρω</em></strong></span> <span class='ocrx_word' id='word_1_189' title='bbox 725 2812 996 2899; x_wconf 79' lang='grc' dir='ltr'><strong><em>ἀνδραποδισμοῦ</em></strong></span> <span class='ocrx_word' id='word_1_190' title='bbox 1014 2821 1071 2896; x_wconf 81' lang='grc' dir='ltr'><strong><em>της</em></strong></span> 
     </span>
    </p>

    <p class='ocr_par' dir='ltr' id='par_1_9' title="bbox 32 2916 1110 3006">
     <span class='ocr_line' id='line_1_26' title="bbox 32 2916 1110 3006; baseline 0.006 -32"><span class='ocrx_word' id='word_1_191' title='bbox 32 2918 179 2997; x_wconf 74' lang='grc' dir='ltr'><strong><em>Ιοιοπόλεως</em></strong></span> <span class='ocrx_word' id='word_1_192' title='bbox 205 2920 319 2986; x_wconf 82' lang='grc' dir='ltr'><strong><em>αὐτῶν</em></strong></span> <span class='ocrx_word' id='word_1_193' title='bbox 344 2917 400 2985; x_wconf 83' lang='grc' dir='ltr'><strong><em>καλ</em></strong></span> <span class='ocrx_word' id='word_1_194' title='bbox 427 2930 637 3006; x_wconf 80' lang='grc' dir='ltr'><strong><em>κατασκαφῆς</em></strong></span> <span class='ocrx_word' id='word_1_195' title='bbox 663 2921 724 3004; x_wconf 82' lang='grc' dir='ltr'><strong><em>τὴν</em></strong></span> <span class='ocrx_word' id='word_1_196' title='bbox 753 2919 992 3006; x_wconf 78' lang='grc' dir='ltr'><strong><em>ἀγριαίνουσαν</em></strong></span> <span class='ocrx_word' id='word_1_197' title='bbox 1014 2916 1069 2984; x_wconf 85' lang='grc' dir='ltr'><strong><em>καλ</em></strong></span> <span class='ocrx_word' id='word_1_198' title='bbox 1084 2937 1110 2978; x_wconf 81' lang='grc' dir='ltr'><strong><em>ιε</em></strong></span> 
     </span>
    </p>
   </div>
   <div class='ocr_carea' id='block_1_4' title="bbox 74 3111 1233 3537">
    <p class='ocr_par' dir='ltr' id='par_1_10' title="bbox 74 3111 1233 3537">
     <span class='ocr_line' id='line_1_27' title="bbox 130 3111 1068 3180; baseline 0.003 -19"><span class='ocrx_word' id='word_1_199' title='bbox 130 3114 143 3161; x_wconf 94' lang='grc'>1</span> <span class='ocrx_word' id='word_1_200' title='bbox 161 3111 260 3174; x_wconf 77' lang='grc' dir='ltr'><strong><em>ἄδικος</em></strong></span> <span class='ocrx_word' id='word_1_201' title='bbox 278 3111 301 3164; x_wconf 94' lang='grc' dir='ltr'>Β</span> <span class='ocrx_word' id='word_1_202' title='bbox 320 3111 426 3174; x_wconf 78' lang='grc' dir='ltr'><strong><em>ἀδίκως</em></strong></span> <span class='ocrx_word' id='word_1_203' title='bbox 443 3111 469 3164; x_wconf 84' lang='lat' dir='ltr'>R</span> <span class='ocrx_word' id='word_1_204' title='bbox 527 3117 544 3164; x_wconf 80' lang='lat'>4</span> <span class='ocrx_word' id='word_1_205' title='bbox 562 3115 680 3166; x_wconf 81' lang='grc' dir='ltr'><strong><em>λυποῦσι</em></strong></span> <span class='ocrx_word' id='word_1_206' title='bbox 699 3127 721 3167; x_wconf 84' lang='grc' dir='ltr'><strong><em>ο.</em></strong></span> <span class='ocrx_word' id='word_1_207' title='bbox 741 3111 886 3180; x_wconf 79' lang='lat' dir='ltr'>Kiessling</span> <span class='ocrx_word' id='word_1_208' title='bbox 946 3117 962 3166; x_wconf 89' lang='grc'><strong>6</strong></span> <span class='ocrx_word' id='word_1_209' title='bbox 980 3111 1068 3165; x_wconf 77' lang='lat' dir='ltr'><strong>verba</strong></span> 
     </span>
     <span class='ocr_line' id='line_1_28' title="bbox 76 3172 1069 3308; baseline 0.011 -83"><span class='ocrx_word' id='word_1_210' title='bbox 76 3172 156 3234; x_wconf 82' lang='grc' dir='ltr'><strong><em>λιανδν</em></strong></span> <span class='ocrx_word' id='word_1_211' title='bbox 175 3179 209 3236; x_wconf 72' lang='grc' dir='ltr'><strong><em>ἓν</em></strong></span> <span class='ocrx_word' id='word_1_212' title='bbox 233 3181 373 3252; x_wconf 83' lang='grc' dir='ltr'><strong><em>παράδειη</em></strong></span> <span class='ocrx_word' id='word_1_213' title='bbox 435 3181 485 3236; x_wconf 80' lang='grc' dir='ltr'><strong><em>καί</em></strong></span> <span class='ocrx_word' id='word_1_214' title='bbox 512 3181 571 3252; x_wconf 83' lang='grc' dir='ltr'><strong><em>(καί</em></strong></span> <span class='ocrx_word' id='word_1_215' title='bbox 593 3198 647 3238; x_wconf 89' lang='lat' dir='ltr'><strong><em>om.</em></strong></span> <span class='ocrx_word' id='word_1_216' title='bbox 666 3181 700 3308; x_wconf 58' lang='lat'><strong><em>132</em></strong></span> <span class='ocrx_word' id='word_1_217' title='bbox 725 3181 830 3238; x_wconf 83' lang='grc' dir='ltr'><strong><em>οίκεῖον</em></strong></span> <span class='ocrx_word' id='word_1_218' title='bbox 855 3185 877 3238; x_wconf 93' lang='grc' dir='ltr'><strong>Ο</strong></span> <span class='ocrx_word' id='word_1_219' title='bbox 906 3181 959 3236; x_wconf 77' lang='lat' dir='ltr'><strong><em>deL</em></strong></span> <span class='ocrx_word' id='word_1_220' title='bbox 980 3180 1069 3236; x_wconf 74' lang='lat' dir='ltr'>Cobet</span> 
     </span>
     <span class='ocr_line' id='line_1_29' title="bbox 75 3202 1068 3321; baseline 0.01 -24"><span class='ocrx_word' id='word_1_221' title='bbox 75 3242 126 3304; x_wconf 69' lang='grc' dir='ltr'><strong><em>λοι.</em></strong></span> <span class='ocrx_word' id='word_1_222' title='bbox 141 3250 216 3308; x_wconf 79' lang='lat' dir='ltr'><strong>Leet.</strong></span> <span class='ocrx_word' id='word_1_223' title='bbox 235 3271 262 3321; x_wconf 75' lang='lat' dir='ltr'><strong><em>p,</em></strong></span> <span class='ocrx_word' id='word_1_224' title='bbox 278 3259 329 3308; x_wconf 74' lang='lat'><strong><em>371</em></strong></span> <span class='ocrx_word' id='word_1_225' title='bbox 347 3258 351 3317; x_wconf 83' lang='grc' dir='ltr'>Ι</span> <span class='ocrx_word' id='word_1_226' title='bbox 368 3202 462 3316; x_wconf 39' lang='lat' dir='ltr'><strong><em>&amp;Ba</em></strong></span> <span class='ocrx_word' id='word_1_227' title='bbox 480 3251 494 3306; x_wconf 82' lang='grc' dir='ltr'><strong>ὃ</strong></span> <span class='ocrx_word' id='word_1_228' title='bbox 513 3253 592 3306; x_wconf 83' lang='lat' dir='ltr'><strong><em>ABb</em></strong></span> <span class='ocrx_word' id='word_1_229' title='bbox 648 3258 664 3306; x_wconf 84' lang='grc'>9</span> <span class='ocrx_word' id='word_1_230' title='bbox 698 3254 845 3320; x_wconf 74' lang='grc' dir='ltr'><strong><em>ξελασθιλς</em></strong></span> <span class='ocrx_word' id='word_1_231' title='bbox 858 3253 904 3306; x_wconf 75' lang='lat' dir='ltr'><strong><em>Ba</em></strong></span> <span class='ocrx_word' id='word_1_232' title='bbox 923 3248 1068 3318; x_wconf 75' lang='grc' dir='ltr'><strong><em>ἐξελαθείς</em></strong></span> 
     </span>
     <span class='ocr_line' id='line_1_30' title="bbox 75 3313 1233 3398; baseline 0.003 -24"><span class='ocrx_word' id='word_1_233' title='bbox 75 3313 93 3367; x_wconf 81' lang='lat' dir='ltr'>R</span> <span class='ocrx_word' id='word_1_234' title='bbox 154 3327 186 3377; x_wconf 77' lang='lat'><strong><em>14</em></strong></span> <span class='ocrx_word' id='word_1_235' title='bbox 205 3319 355 3398; x_wconf 82' lang='grc' dir='ltr'><strong><em>έβί&lt;ω&gt;Β</em></strong></span> <span class='ocrx_word' id='word_1_236' title='bbox 415 3330 448 3378; x_wconf 75' lang='grc'><strong><em>22</em></strong></span> <span class='ocrx_word' id='word_1_237' title='bbox 468 3322 636 3393; x_wconf 86' lang='grc' dir='ltr'><strong><em>κτησάμενοι</em></strong></span> <span class='ocrx_word' id='word_1_238' title='bbox 654 3323 790 3394; x_wconf 82' lang='grc' dir='ltr'><strong><em>κατέσχον</em></strong></span> <span class='ocrx_word' id='word_1_239' title='bbox 808 3342 831 3378; x_wconf 88' lang='grc' dir='ltr'><strong><em>ο.</em></strong></span> <span class='ocrx_word' id='word_1_240' title='bbox 852 3322 972 3393; x_wconf 81' lang='lat' dir='ltr'>Sylburg</span> <span class='ocrx_word' id='word_1_241' title='bbox 1031 3329 1067 3378; x_wconf 82' lang='lat'><strong><em>24</em></strong></span> <span class='ocrx_word' id='word_1_242' title='bbox 1231 3325 1233 3390; x_wconf 64' lang='grc' dir='ltr'><strong><em>λ</em></strong></span> 
     </span>
     <span class='ocr_line' id='line_1_31' title="bbox 75 3387 1064 3470; baseline 0.006 -26"><span class='ocrx_word' id='word_1_243' title='bbox 75 3387 159 3454; x_wconf 69' lang='grc' dir='ltr'><strong><em>αὐτοὺς</em></strong></span> <span class='ocrx_word' id='word_1_244' title='bbox 186 3395 249 3450; x_wconf 73' lang='grc' dir='ltr'><strong><em>αδδ.</em></strong></span> <span class='ocrx_word' id='word_1_245' title='bbox 270 3394 392 3449; x_wconf 82' lang='lat' dir='ltr'>Schenkl</span> <span class='ocrx_word' id='word_1_246' title='bbox 414 3394 547 3448; x_wconf 81' lang='lat' dir='ltr'><strong>Bursiani</strong></span> <span class='ocrx_word' id='word_1_247' title='bbox 572 3394 743 3450; x_wconf 78' lang='lat' dir='ltr'>Litterarum</span> <span class='ocrx_word' id='word_1_248' title='bbox 767 3415 830 3452; x_wconf 79' lang='lat' dir='ltr'>ann.</span> <span class='ocrx_word' id='word_1_249' title='bbox 849 3394 925 3450; x_wconf 79' lang='lat' dir='ltr'><strong>brev.</strong></span> <span class='ocrx_word' id='word_1_250' title='bbox 946 3411 974 3464; x_wconf 88' lang='lat' dir='ltr'><strong><em>p.</em></strong></span> <span class='ocrx_word' id='word_1_251' title='bbox 993 3399 1028 3451; x_wconf 78' lang='lat'><strong><em>39</em></strong></span> <span class='ocrx_word' id='word_1_252' title='bbox 1059 3397 1064 3470; x_wconf 66' lang='grc' dir='ltr'><strong><em>λ</em></strong></span> 
     </span>
     <span class='ocr_line' id='line_1_32' title="bbox 74 3454 663 3537; baseline 0.003 -19"><span class='ocrx_word' id='word_1_253' title='bbox 74 3454 191 3536; x_wconf 70' lang='grc' dir='ltr'><strong><em>*πόρρω]</em></strong></span> <span class='ocrx_word' id='word_1_254' title='bbox 210 3465 275 3536; x_wconf 79' lang='grc' dir='ltr'><strong><em>περὶ</em></strong></span> <span class='ocrx_word' id='word_1_255' title='bbox 294 3465 317 3521; x_wconf 92' lang='grc' dir='ltr'>Ο</span> <span class='ocrx_word' id='word_1_256' title='bbox 336 3464 416 3537; x_wconf 84' lang='grc' dir='ltr'><strong><em>μέχρι</em></strong></span> <span class='ocrx_word' id='word_1_257' title='bbox 435 3465 536 3520; x_wconf 79' lang='lat' dir='ltr'><strong>Reiske</strong></span> <span class='ocrx_word' id='word_1_258' title='bbox 556 3466 663 3521; x_wconf 81' lang='lat' dir='ltr'>correxi</span> 
     </span>
    </p>
   </div>
   <div class='ocr_carea' id='block_1_5' title="bbox 0 0 1258 3882">
    <p class='ocr_par' dir='ltr' id='par_1_11' title="bbox 0 0 1258 3882">
     <span class='ocr_line' id='line_1_33' title="bbox 0 0 1258 3882; baseline 0 5"><span class='ocrx_word' id='word_1_259' title='bbox 0 0 1258 3882; x_wconf 95' lang='lat' dir='ltr'><strong><em> </em></strong></span> 
     </span>
    </p>
   </div>
  </div>
 </body>
</html>
