2508 3882
513 171 679 222 ..Θ-

101 329 277 416 παρίδοσαν
300 343 369 408 τοῖς
392 330 541 418 ἐχθροῖς,
568 331 693 409 ἐκεῖνος
716 333 734 398 ὁ
757 331 858 418 χάραξ
883 334 900 398 ὁ
923 336 982 398 τὸν
1001 331 1103 400 ἐκλει-

100 435 221 521 φθέντα
234 436 476 522 ὑποδεξάμενος
490 435 564 503 ἀντὶ
577 449 638 503 τοῦ
651 436 930 522 καταλειφθέντος
942 437 1102 506 ἁλώσεται
1215 429 1218 434 ’

97 546 151 630 βίμ
172 546 358 629 κρατηθείς.

158 648 231 713 Vss.
267 652 376 714 Ταῦτα
398 651 486 735 παρά
508 660 574 714 τῶν
593 650 744 733 μάντεων
763 652 798 716 οί
819 648 985 736 Τυρρηνοὶ
1003 651 1101 716 ἀκού-

94 771 206 831 σαντες
229 754 321 841 μέρει
343 753 410 819 τινὶ
432 763 488 838 τῆς
511 753 637 822 ἑαυτῶν
660 765 813 842 στρατιᾶς
834 757 895 840 τὴν
918 755 1100 840 ἕρημωθεί-
1127 783 1141 822 ε

93 877 152 925 σαν
172 861 237 954 ὑπὸ
255 872 324 928 τῶν
333 858 501 944 Ῥωμαίων
519 862 826 946 καταλαμβάνονται
845 862 1100 944 στρατοπεδείαν

36 967 153 1042 ιιιεάις.
163 966 368 1052 ἐπιτείχισμα
394 970 609 1052 ποιησόμενοι
636 977 693 1051 τῆς
720 965 843 1054 ἑτέρας·
879 963 922 1052 ἧν
950 964 987 1032 δὲ
1014 968 1102 1032 πάνυ

91 1072 210 1158 ἐχυρὸν
234 1075 272 1138 τὸ
295 1076 417 1158 χωρίον
440 1072 587 1150 καὶτοῖς
610 1073 674 1140 ἀπὸ
688 1072 813 1166 Ῥώμης
836 1072 889 1139 ἐπὶ
910 1076 948 1140 τὸ
968 1076 1103 1156 στρατό-

89 1179 192 1244 πεδον
217 1180 308 1244 ίοῦσι
330 1180 504 1256 κωλύσεως
526 1178 563 1245 ἐν
586 1186 674 1267 καλῷ
699 1183 861 1264 κείμενον.
897 1202 1103 1266 πραγματευ-

89 1286 229 1369 σάμενοι
252 1281 289 1350 δὲ
312 1283 367 1350 καλ
385 1279 499 1367 τᾶλλα,
522 1284 555 1363 ἐξ
575 1281 622 1351 ὧν
640 1289 893 1369 πλεονεκτήσειν
910 1289 989 1362 τοὺς
1006 1291 1102 1350 πολε-
1119 1314 1144 1352 ιο

90 1395 185 1474 μίους
218 1394 373 1476 ἔμελλον,
405 1391 523 1475 ἐξῆγον
555 1395 602 1468 εἰς
631 1394 668 1457 τὸ
698 1394 815 1457 πεδίον
845 1392 903 1467 τάς
935 1391 1101 1473 δυνάμεις.

90 1502 260 1581 μενόντων
280 1493 317 1562 δὲ
335 1508 402 1562 τῶν
410 1495 580 1582 Ῥωμαίων
599 1495 650 1582 ἐφ’
668 1497 806 1582 ἡσυχίας
822 1497 1137 1583 προσιππεύοντες2

92 1603 122 1680 ἐξ
152 1604 265 1668 αὐτῶν
295 1605 331 1668 οί
355 1607 592 1688 τολμηρότατοι
619 1601 675 1668 καὶ
703 1606 845 1687 πλησίον
872 1613 931 1669 τοῦ
959 1603 1103 1687 χάρακος

94 1711 277 1793 λστάμενοις
307 1711 466 1792 γυναῖκάς
493 1708 522 1774 τ’
551 1709 738 1775 ἀπεκάλουν
769 1711 913 1786 ἅπαντας
941 1707 997 1774 καὶ
1026 1710 1104 1785 τοὺς

95 1815 254 1900 ἡγεμόνας
286 1815 396 1880 αὐτῶν
424 1827 493 1892 τοῖς
521 1816 721 1892 δειλοτάτοις
747 1827 814 1880 τῶν
842 1817 933 1894 ζώων
962 1813 1104 1882 ἐοικέναι
1120 1843 1144 1881 ιι

94 1920 243 2006 λέγοντες
271 1920 435 2004 ἐκάκιζον,
462 1919 518 1985 καὶ
545 1923 639 1986 δυεῖν
665 1922 811 2007 θάτερον
833 1920 961 2004 ἠξίουν·
990 1922 1021 1984 εί
1043 1916 1103 2004 μὲν

95 2027 340 2094 ἀντιποιοῦνται
364 2035 420 2109 τῆς
443 2024 518 2113 περὶ
536 2028 576 2091 τά
593 2026 733 2111 πολέμια
752 2027 877 2113 ἀρετῆς,
900 2027 1104 2109 καταβάντας

96 2137 138 2210 είς
158 2136 196 2200 τὸ
220 2135 339 2199 πεδίον
361 2142 420 2220 μιᾷ
442 2135 503 2198 τὸν
525 2132 637 2216 ἀγῶνα
659 2146 770 2219 κρίναι
794 2134 896 2218 μάχη,
919 2134 950 2196 εί
972 2129 1002 2196 δ’
1026 2131 1104 2214 ὁμο-

96 2245 252 2322 λογοῦσιν
275 2234 361 2304 εἶναι
384 2243 491 2322 κακοί,
514 2241 724 2325 παραδόντας
746 2239 786 2301 τά
810 2237 895 2302 ὅπλα
912 2248 982 2312 τοῖς
999 2239 1104 2322 κρείτ-
1148 2285 1151 2292 .

97 2363 164 2411 τοσι
186 2343 244 2410 καὶ
268 2346 361 2421 δίκας
383 2345 605 2429 ὑποσχόντας,
633 2339 680 2410 ὧν
704 2345 864 2429 ἔδρασαν,
891 2343 1033 2426 μηδενὸς
1057 2345 1103 2407 ἔτι
1118 2371 1144 2409 ιο

96 2464 158 2518 τῶν
180 2451 334 2535 μεγάλων
359 2447 496 2527 ἑαυτοὺς
520 2450 645 2529 ἀξιοῦν.
682 2448 769 2516 τοῦτ’
789 2449 926 2514 ἐποίουν
944 2446 1138 2532 ὁσημέραιὸ

97 2556 146 2622 καλ
164 2555 234 2624 ἐπεὶ
253 2552 355 2621 οὐδὲν
374 2554 561 2640 ἐπέραινον,
580 2556 794 2642 ἀποτειχίζειν
813 2555 935 2631 αὐτοὺς
954 2557 1103 2637 ἔγνωσαν

43 2664 136 2740 ιιῦόὼς
159 2669 243 2748 λιμςῦ
267 2663 596 2747 προσαναγκάσοντες
618 2671 831 2747 παραστῆναι.
876 2661 911 2726 οί
932 2659 962 2726 δ’
985 2661 1104 2726 ὕπατοι

97 2769 281 2854 περιεώρων
307 2769 346 2832 τά
374 2771 533 2852 γινόμενα
560 2767 655 2854 με’χρι
681 2773 823 2850 πολλοῦ,
851 2765 895 2830 δι’
921 2767 1105 2853 ἀνανδρίαν

98 2872 152 2958 μὲν
170 2874 191 2958 ἢ
210 2878 374 2958 μαλακίαν
393 2873 553 2958 οὐδεμίαν
570 2911 608 2920 -
630 2874 810 2958 ἀμφότεροι
829 2873 891 2959 γάρ
911 2873 1055 2958 εὔψυχοί
1069 2895 1104 2937 τε
1119 2889 1144 2930 2⁵

98 2979 146 3046 καὶ
168 2982 388 3065 φιλοπόλεμοι
406 2974 492 3063 ἦσαν
511 3017 545 3026 -
564 2982 601 3045 τὸ
620 2976 658 3044 δὲ
676 2989 743 3044 τῶν
762 2990 972 3064 στρατιωτῶν
992 2978 1105 3044 ἐθελό-

164 3214 178 3260 7
198 3203 387 3276 πονησάμενοι
405 3207 477 3260 κατὰ
495 3214 544 3275 τῆς
562 3223 585 3262 ο.
601 3205 743 3276 Kiessling
806 3211 835 3260 11
855 3207 973 3258 πεδίον
992 3204 1015 3256 Β
1072 3212 1103 3257 12

98 3288 147 3332 τῶν
165 3279 261 3332 om.B
354 3284 387 3330 13
407 3273 436 3342 ἐξ
455 3278 547 3331 αὐτῶν
566 3279 588 3330 Β
607 3277 676 3346 πρὸς
695 3278 787 3330 αι’πῶν
805 3275 831 3327 R
919 3281 950 3328 15
970 3274 1046 3339 ζώων
1066 3277 1105 3328 εί-

99 3352 176 3416 ιαζον
198 3365 250 3416 pro
274 3351 295 3414 ζ.
315 3345 439 3402 ἑοικέναι
462 3347 588 3417 λέγοντες
612 3343 741 3412 ἐκάκιζον
765 3365 786 3400 ο.
808 3346 898 3400 Cobet
921 3344 986 3399 Obs.
1006 3363 1032 3414 p.
1054 3353 1105 3400 174

99 3428 127 3475 21
146 3419 195 3486 ὁσή
214 3421 259 3488 (ex
277 3421 359 3488 corr.)
378 3439 461 3488 μεραι
479 3419 502 3472 Β
576 3425 609 3473 24
628 3416 830 3490 περ<ιε>όιρων
848 3416 895 3469 Bb
