2496 3878
525 231 687 278 -z-
1069 227 1114 292 τε

86 386 256 471 γενέσθαι
277 387 447 474 Ῥωμαίων
475 391 585 478 κλήρῳ
612 391 674 474 την
703 388 835 473 ἔξοδον,
867 389 949 454 κατὰ
976 385 1014 454 δὲ
1045 399 1113 456 τῶν

85 499 284 582 λαχόντων,
315 496 348 559 εί
376 496 422 579 μὴ
453 494 588 578 ἐξίοιεν,
619 495 763 580 χαλεπὰς
788 492 844 560 καὶ
871 493 1112 582 ἀπαραιτήτως

85 599 238 686 θεμένης
267 604 389 686 ζημίας.
427 596 524 678 οὗτός
550 623 585 666 τε
613 602 655 685 δὴ
678 600 697 667 ὁ
722 603 838 678 στόλος
860 603 907 679 είς
931 601 1112 688 Οὐελίτρας

24 707 255 793 ιοιιεύπρεπεί
285 707 412 795 ἀνάγκη
443 705 669 792 καταληφθεὶς
700 705 884 792 ἀπεστάλη,
916 705 970 774 καὶ
1002 707 1112 794 ἕτερος

84 808 196 890 αὖθις
218 814 261 880 οὐ
283 818 422 891 πολλαίς
443 811 579 900 ἡμέραις
600 813 742 899 ὕστερον
765 815 813 891 είς
830 815 979 899 Νώρβαν
1001 817 1111 900 πόλιν,
1137 837 1152 878 ι

83 921 105 1002 ἥ
131 919 209 985 ἐστι
231 928 293 986 τοῦ
316 923 473 984 Λατίνων
496 920 619 994 ἔθνους
641 918 702 983 οὐκ
725 915 861 1002 ἀφανής.
1152 919 1179 962 ⁹

153 1025 271 1091 XIHI.
305 1023 454 1109 Ἐγένετο
486 1020 516 1088 δ’
549 1020 651 1090 οὐδὲν
685 1035 753 1090 τῶν
785 1023 821 1090 ἐκ
852 1028 1015 1109 λογισμοῦ
1041 1037 1111 1104 τοίς

83 1135 280 1217 πατρικίοις
297 1131 380 1198 κατὰ
398 1140 483 1214 γοῦν
501 1130 562 1214 την
581 1129 698 1195 ἐλπίδα
716 1131 885 1215 λωφήσειν
901 1132 964 1215 τὴν
983 1131 1110 1216 στάσιν,

84 1236 162 1304 ἀλλ’
199 1239 235 1304 os
260 1235 530 1324 περιλειφθέντες
557 1239 604 1302 ἐτι
631 1240 763 1322 χείρους
789 1247 860 1314 ταῖς
887 1237 1001 1324 ὀργαίς
1024 1232 1110 1323 ἦσαν

82 1343 141 1410 καὶ
172 1349 284 1429 πολλῇ
311 1352 350 1430 τῇ
377 1346 522 1428 καταβοῇ
545 1352 613 1408 τῶν
640 1345 830 1426 βουλευτῶν
858 1341 1001 1429 ἐχρῶντο
1028 1345 1110 1410 κατά
1125 1369 1151 1408 ιο

83 1475 120 1516 τε
149 1451 347 1536 συστροφὰς
373 1446 428 1514 καὶ
457 1447 617 1534 ἑταιρίας,
648 1448 755 1531 ὀλίγοι
785 1444 847 1533 μὲν
874 1452 1046 1527 συνιόντες
1072 1452 1110 1517 τὸ

84 1568 245 1640 πρῶτον,
273 1553 371 1620 ἔπειτ’
405 1554 527 1640 ἀθρόοι
560 1553 807 1641 συντονωτέρας
837 1556 902 1640 ἤδη
934 1553 1110 1640 γινομένης

83 1673 145 1748 τῆς
175 1662 319 1747 ἀπορίας
345 1658 400 1726 καὶ
433 1663 679 1746 συνδραμόντες
705 1663 754 1738 είς
781 1662 843 1744 την
875 1660 1000 1748 ἀγορὰν
1032 1665 1110 1740 τοὺς

79 1769 288 1854 ,δημάρχους
315 1766 430 1851 ἐβόων.
468 1770 691 1853 συναχθείσης
721 1764 752 1832 δ’
778 1763 834 1832 ὑπ’
861 1768 972 1833 αὐτῶν
996 1767 1145 1853 ἐκκληῖ

1 1955 2 1960 ¹
84 1879 163 1952 σίας
193 1876 374 1961 παρελθὼν
397 1876 545 1960 Σπόριος
567 1876 733 1957 Σικίνιος,
761 1871 798 1951 ὃς
826 1869 869 1957 ἦν
890 1884 951 1940 τοῦ
973 1875 1108 1962 ἀρχείου
1123 1897 1149 1937 15

84 1986 162 2048 τότε
189 1981 337 2065 ἡγεμών,
365 1979 463 2057 αὐτός
490 2003 524 2044 τε
551 1982 656 2056 πολὺς
683 1981 771 2064 ἔρρει
798 1981 879 2045 κατὰ
906 1991 963 2066 τῆς
985 1986 1109 2068 βουλῆς
1169 1995 1171 2002 ’

84 2088 206 2167 αὔξων
234 2089 280 2164 ὡς
306 2083 434 2172 μάλιστ’
468 2084 548 2170 ἐνῆν
574 2088 634 2152 τὸν
662 2083 732 2151 κατ’
759 2085 860 2170 αὐτῆς
882 2091 1026 2172 φθόνον,
1053 2086 1109 2154 καὶ

85 2200 169 2272 τοὺς
195 2196 318 2270 ἀλλους
339 2192 434 2277 ἠξίου
458 2192 567 2277 λέγειν
590 2192 611 2257 ἀ
633 2202 820 2279 φρονοῦσιν
848 2195 895 2270 είς
921 2195 959 2260 τὸ
981 2197 1108 2278 κοινόν,

25 2303 238 2386 ιεεσμάλιστα
266 2296 303 2364 δὲ
329 2302 390 2366 τὸν
417 2301 572 2363 Σικίνιον
599 2295 654 2362 καὶ
681 2299 740 2363 τὸν
767 2300 919 2383 Βροῦτον
946 2297 1108 2381 ἀγορανό-

87 2432 177 2490 μους
204 2402 273 2472 τότ’
300 2406 398 2482 όντας
424 2405 600 2470 ἀνακαλῶν
627 2401 783 2490 ἑκάτερον
811 2403 843 2481 ἐξ
868 2403 1044 2487 ὀνόματος,
1075 2407 1148 2475 οδοο

86 2513 144 2578 καὶ
169 2521 230 2597 της
252 2513 383 2598 πρώτης
405 2510 614 2586 ἀποστάσεως
637 2519 681 2598 τῷ
705 2511 799 2599 δήμῳ
821 2505 942 2595 ἧρξαν,
969 2507 1023 2574 καὶ
1046 2512 1107 2596 τὴν

88 2619 302 2704 δημαρχικὴν
325 2616 478 2696 ἐξουσίαν
501 2617 754 2700 εἰσηγησάμενοι
772 2627 897 2702 πρῶτοι
918 2616 1019 2700 αὐτῆς
1036 2619 1108 2684 ἐτυ-

88 2751 161 2812 χον.
203 2725 429 2811 παρελθόντες
452 2720 483 2789 δ’
509 2717 602 2788 οὗτοι
629 2724 708 2799 τοὺς
734 2723 1018 2806 κακοηθεστάτους
1039 2729 1143 2793 τῶν3

89 2836 204 2916 λόγων
231 2831 268 2896 ἐκ
295 2834 422 2896 πολλοῦ
448 2825 752 2916 παρεσκευασμένοι
779 2827 968 2915 διεξῄεσαν,
996 2831 1108 2910 δτοϊς

88 2944 229 3014 πολλοῖς
256 2937 392 3002 ἀκούειν
417 2931 461 3020 ἦν
490 2932 723 3034 βουλομένοις,
753 2935 797 3010 ὡς
825 2933 861 3000 ἐκ
888 2941 1046 3036 προνοίας
1073 2963 1106 3004 τε
1121 2955 1148 2998 τε

88 3044 145 3110 καὶ
171 3044 351 3128 ἐπιβουλῆς
372 3042 437 3108 ὑπὸ
464 3053 532 3107 τῶν
558 3045 724 3108 πλουσίων
752 3039 881 3125 γένοιθ’
906 3043 927 3126 ἡ
950 3042 1025 3128 περὶ
1048 3047 1107 3110 τὸν

163 3271 319 3325 θάλλοιΒ
421 3275 453 3324 10
473 3263 661 3340 ἐχ.ρῶντοΒ
762 3277 793 3324 11
814 3265 1105 3344 ἕτ<αι>ρ<ί>αςΒΙ

89 3342 320 3415 συν<ι>όντεςΒ
399 3350 431 3397 12
450 3342 600 3411 γινομένης
617 3340 640 3393 Β
659 3340 811 3412 γενομένης
828 3342 854 3395 R
931 3347 964 3395 15
983 3340 1108 3410 Σπόριος

86 3413 196 3476 Ἰκίλιος
215 3413 368 3482 legendum
387 3429 448 3468 οεεο
468 3413 590 3482 Sylburg
609 3415 706 3466 censet
769 3419 801 3467 21
822 3420 871 3480 τῆς
890 3428 943 3466 om.
965 3415 1009 3465 Ba
1072 3419 1106 3465 22

91 3484 312 3558 δοιακιικ>ίιν
328 3485 351 3537 Β
