2496 3878
146 194 188 257 18
407 277 411 286 ¹
572 197 732 248 -Ζ-

146 359 190 436 ὡς
204 359 334 442 ’ἔμαθον
348 355 589 441 ἐξεληλυθυῖαν
609 355 645 421 ἐκ
662 364 720 438 της
737 359 864 434 πόλεως
881 358 943 441 την
962 365 1023 422 τοῦ
1040 357 1160 441 τυράν-

143 490 207 532 νου
232 464 389 550 στρατιάν
407 465 599 547 συνθήμασι
617 469 825 548 μηνυθεῖσαν
844 463 909 528 ὑπὸ
929 473 997 527 τῶν
1016 475 1160 547 σκοπῶν,

144 571 332 656 πέμπουσιν
346 569 378 648 ἐξ
394 571 504 635 αὐτῶν
523 567 599 655 περὶ
618 567 775 653 ἑξήκοντα
793 568 934 653 μάλιστα
952 571 1030 645 τοὺς
1048 570 1160 636 εὐτολ-

77 756 80 761 ,
146 679 306 764 μοτάτους
334 674 498 760 διφθέρας
525 677 659 760 ἔχοντας
685 674 740 740 καὶ
770 674 955 760 φακέλλους
977 675 1160 759 φρυγάνων

111 767 347 881 Ξκομίζοντας.
384 777 477 848 οὗτοι
499 779 575 868 περὶ
597 782 731 866 λύχνων
749 779 835 866 ἁφάς
854 783 949 846 άλλοι
967 779 1037 846 κατ’
1058 783 1160 859 άλλας

144 894 250 968 πύλας
268 892 312 968 ὡς
329 898 485 976 χερνῆται
501 890 777 974 παρεισπεσόντες
790 891 928 953 ἔλαθον·
952 888 996 965 ὡς
1010 885 1040 953 δ’
1059 890 1159 954 ἔνδον

29 1073 32 1079 ,
146 998 299 1082 ἐγένοντο
326 1005 386 1062 τοῦ
413 998 542 1080 τείχους
569 993 801 1072 ἐξελκύσαντες
827 993 863 1059 ἐκ
889 1005 957 1059 τῶν
983 994 1158 1079 φακέλλων

145 1105 165 1170 ά
188 1103 412 1188 κατέκρυπτον
440 1101 535 1186 ξίφη,
562 1099 617 1166 καὶ
645 1104 867 1177 συνελθόντες
894 1103 941 1178 είς
968 1103 1027 1167 τὸν
1055 1100 1158 1166 αὐτὸν

145 1201 285 1286 ἅπαντες
307 1211 410 1274 τόπον
434 1204 532 1273 ἔπειτ’
558 1206 689 1272 ἐκεῖθεν
712 1208 914 1292 ὁρμήσαντες
932 1207 1053 1293 άθρόοι
1075 1209 1158 1292 πρὸς
1186 1259 1189 1267 .

105 1338 131 1377 ιο
144 1318 202 1394 τάς
224 1313 279 1382 έπλ
300 1317 359 1380 τὸν
374 1313 518 1400 ’Ἇορνον
540 1315 707 1399 φερούσας
729 1315 835 1398 πύλας
857 1315 934 1390 τούς
954 1338 989 1379 τε
1008 1315 1227 1398 φύλακαςιεεῖ

144 1425 254 1490 αὐτῶν
282 1421 513 1486 ἀποκτείνουσι
540 1419 767 1504 κοιμωμένους
793 1423 847 1485 καὶ
872 1424 951 1498 τοὺς
979 1421 1158 1505 σφετέρους

144 1531 289 1606 ἅπαντας
311 1531 375 1613 ἤδη
398 1537 459 1594 τοῦ
486 1529 614 1612 τείχους
638 1530 781 1610 πλησίον
808 1529 906 1603 ὄντας
933 1527 1157 1611 ἀναπεπταμέ-

143 1660 218 1714 ναις
244 1647 316 1713 ταῖς
346 1635 465 1710 πύλαις
496 1625 731 1718 ὑποδέχονται,
757 1630 814 1698 καὶ
845 1641 943 1699 τοῦτο
975 1631 1158 1718 πράξαντες

108 1744 276 1812 δέλαθον.
321 1743 414 1826 ἔτυχε
441 1741 504 1826 γάρ
533 1739 642 1826 ἐκείνη
673 1749 712 1824 τῇ
741 1737 835 1804 νυκτὶ
864 1737 960 1825 ἑορτή
992 1763 1042 1816 τις
1073 1735 1156 1805 οὖσα

103 1869 129 1910 ιι
144 1849 336 1932 δημοτελής,
359 1845 413 1911 καλ
437 1842 480 1911 δι’
504 1845 609 1928 αὐτὴν
628 1846 712 1922 ἅπας
735 1846 753 1912 δ
776 1847 858 1910 κατά
876 1847 975 1910 πόλιν
998 1847 1096 1931 ὄχλος
1119 1845 1156 1910 έν

142 1956 255 2030 πότοις
274 1954 322 2018 ὢν
344 1950 488 2029 καλιαῖς
506 1953 621 2029 άλλαις
640 1952 840 2029 εὐπαθείαις.
876 1961 975 2018 τοῦτο
993 1951 1156 2037 παρέσχεν

143 2060 255 2136 αὐτοῖς
282 2060 363 2124 κατὰ
389 2060 517 2142 πολλὴν
545 2060 660 2123 άδειαν
688 2057 814 2135 ἁπάσας
842 2059 992 2123 διελθεῖν
1018 2060 1076 2136 τάς
1103 2057 1156 2123 ἐπὶ

142 2167 204 2249 τὴν
223 2167 425 2253 τυραννικὴν
445 2168 554 2231 οίκίαν
572 2167 740 2250 φερούσας
758 2166 870 2241 ὁδούς·
894 2163 950 2230 καὶ
969 2162 1049 2230 οὐδὲ
1066 2166 1155 2251 παρὰ

142 2285 213 2349 ταῖς
234 2273 358 2357 θύραις
380 2273 509 2354 πολλήν
526 2294 600 2336 τινα
618 2270 673 2336 καὶ
693 2271 912 2357 ἐγρηγορυῖαν
931 2266 1032 2356 εὗρον
1051 2272 1158 2356 φὐλα-

103 2381 217 2463 εοκην,
244 2377 329 2443 ἀλλά
351 2365 525 2448 κάνταῦθα
547 2381 625 2454 τοὺς
647 2374 709 2462 μὲν
730 2379 795 2461 ἤδη
819 2379 1056 2462 καθεύδοντας,
1079 2381 1156 2454 τοὺς

143 2482 181 2550 δὲ
204 2485 391 2569 μεθύοντας
413 2484 662 2569 ἀποσφάξαντες
682 2485 758 2569 δίχα
776 2487 884 2550 πόνου
902 2482 957 2549 καὶ
975 2485 1056 2549 κατὰ
1074 2489 1155 2566 πλη-

141 2597 206 2667 θος
225 2593 272 2667 είς
289 2593 350 2676 την
369 2593 478 2657 οἰκίαν
497 2592 673 2675 ὠσάμενοι,
693 2593 772 2667 τοὺς
791 2587 851 2674 μὲν
870 2592 992 2666 άλλους
1010 2591 1155 2666 ἅπαντας

143 2697 218 2778 οὔτε
240 2707 308 2761 τῶν
331 2699 492 2780 σωμάτων
506 2700 567 2762 ’ἔτι
595 2707 796 2782 κρατοῦντας
823 2697 899 2761 ούτε
926 2708 993 2761 τῶν
1020 2707 1154 2781 φρενῶν

143 2803 199 2867 διά
225 2803 284 2867 τὸν
317 2796 411 2866 οἶνον
437 2802 613 2886 προβάτων
646 2803 743 2886 δίκην
774 2801 994 2886 κατέσφαξαν·
1027 2804 1086 2867 τὸν
1119 2799 1150 2866 δ’

215 3033 247 3081 12
266 3028 329 3081 *τῶ
346 3029 391 3082 τεί
406 3047 431 3082 ει
448 3027 566 3095 πλησίον
585 3027 608 3081 0
628 3027 734 3082 correxi
807 3035 839 3082 13
854 3028 904 3082 καλ
922 3027 957 3096 δὴ
972 3027 1115 3082 καὶτοῦτο
1130 3045 1154 3083 ο.

140 3098 244 3153 Reiske
311 3082 318 3100 ’
336 3105 368 3153 15
387 3048 427 3153 δι’
448 3100 534 3167 αὐτῆς
552 3098 574 3151 Β
666 3105 699 3153 16
718 3107 800 3153 τοῦτο
818 3099 849 3152 in
866 3098 928 3153 τότε
946 3101 1057 3151 mutare
1077 3100 1155 3152 etin

140 3170 312 3240 praecedens
332 3186 442 3224 comma
459 3170 611 3223 transferre
630 3169 732 3224 maluit
750 3170 870 3239 Sylburg
958 3177 989 3224 17
1009 3169 1110 3223 ἄδειαν
1128 3171 1155 3221 Α

141 3239 288 3296 εύιτέτειαν
306 3241 330 3294 Β
419 3245 451 3293 18
470 3241 535 3310 περὶ
553 3249 614 3303 ταῖς
632 3241 736 3310 θύραις
756 3244 778 3294 0
797 3240 876 3310 παρὰ
894 3246 916 3294 τί
935 3244 967 3296 θ.
986 3257 1009 3296 ο.
1029 3238 1154 3294 Sintenis

140 3313 201 3368 Em.
224 3311 306 3368 Dion.
321 3312 360 3365 HI
376 3316 421 3380 10,
449 3311 515 3381 περὶ
532 3311 582 3373 τὰς
599 3311 693 3380 θύρας
718 3311 807 3366 Cobet
830 3312 895 3367 Obs.
917 3331 942 3380 p.
960 3317 1020 3379 137,
1044 3310 1095 3365 sed
1117 3311 1153 3366 cf.

140 3383 230 3436 Krebs
248 3383 313 3437 Ree.
332 3383 401 3452 phil.
420 3381 477 3438 litt.
496 3399 569 3437 nova
587 3401 615 3452 p.
630 3390 682 3437 325
755 3389 788 3437 22
804 3382 932 3444 ἅπαντας
946 3384 971 3435 Α
990 3383 1154 3453 σύμπαντας

140 3455 163 3507 Β
236 3459 270 3510 23
289 3463 461 3523 κρατοῦντας
479 3454 504 3508 Α
521 3455 673 3523 κρατεροὺς
692 3454 775 3516 ὄντας
793 3454 816 3506 Β
