2538 3884
500 229 667 282 -Θ-
1024 230 1090 294 365

76 385 179 470 ραχάς
197 387 462 474 παρειλκυσμένα
480 388 647 474 ἐμπεδοῦν
664 393 743 468 τοὺς
760 390 918 476 ὑπάτους,
941 389 996 457 καί
1014 395 1091 469 τοὺς

74 492 320 578 ποιησομένους
341 497 402 579 τὴν
426 497 591 581 διανομὴν
615 498 739 584 ἀνδρας
763 496 1010 563 ἀποδεικνύναι.

142 599 216 664 LII.
262 599 360 668 Ταῦτ’
394 604 545 680 εἰπόντος
577 605 736 687 Αἰμιλίου
769 604 924 690 δεύτερος
956 601 1093 689 κληθεὶς

70 701 209 782 ’Ἁππιος
231 708 414 792 Κλαύδιος,
438 709 456 774 ὑ
478 717 524 796 τῷ
547 711 698 794 πρόσθεν
720 708 905 788 ὑπατεύσας
927 714 1008 794 ἐτει,
1030 712 1091 794 τὴν

76 809 233 877 ἐναντίαν
264 814 401 898 γνώμην
433 816 622 900 ἀπεφήνατο
656 816 842 900 διδάσκων,
878 817 923 894 ὡς
954 813 1035 882 οὔθ’
1070 815 1091 899 ἡ
1120 839 1133 881 ο

75 918 183 1001 βουλὴ
214 919 380 1004 διανεῖμαι
407 921 447 984 τά
476 924 618 1005 δημόσια
644 925 839 1009 προαίρεσιν
866 925 953 1009 ἐσχε·
989 922 1091 987 πάλαι

74 1023 139 1110 γάρ
170 1023 213 1088 ἀν
243 1025 414 1110 εἰληφέναι
443 1029 484 1092 τά
514 1023 646 1105 δόξαντ’
679 1027 760 1114 αὐτῇ
791 1026 897 1106 τέλος·
940 1025 1013 1094 ἀλλ’
1045 1030 1092 1105 εἰς

75 1132 202 1216 χρόνον
224 1126 279 1194 καί
303 1131 485 1215 διάγνωσιν
509 1130 624 1219 ἑτέραν
648 1132 844 1219 ἀνεβάλετο,
866 1143 990 1200 παῦσαι
1011 1155 1092 1222 προ-

76 1234 275 1320 θυμουμένη
299 1237 360 1319 τὴν
383 1241 455 1303 τότε
479 1248 709 1324 κατασχοῦσαν
733 1240 866 1324 στάσιν,
893 1240 937 1324 ἣν
960 1241 1092 1324 εἰσῆγεν

77 1343 95 1408 ὑ
117 1351 158 1428 τῇ
177 1344 353 1429 τυραννίδι
372 1341 545 1432 ἐπιχειρῶν
563 1345 688 1424 ὑπατος
705 1343 761 1411 καί
779 1347 859 1430 μετά
877 1355 980 1410 ταῦτα
1000 1347 1093 1423 δίκας
1108 1369 1133 1409 ιο

77 1451 158 1525 δοὺς
188 1449 304 1525 καλάς·
336 1448 412 1516 ούθ’
441 1452 477 1517 οἰ
501 1453 581 1536 μετά
608 1453 646 1516 τὸ
673 1452 909 1538 προβούλευμα
937 1454 1127 1536 λαχόντες2

16 1554 197 1620 1836ὑπατοι
210 1553 305 1633 τέλος
318 1568 388 1633 τοῖς
402 1554 641 1642 ἐψηφισμένοις
655 1555 818 1623 ἐπέθεσαν
832 1557 985 1644 ὁρῶντες,
1004 1557 1093 1623 όσων

76 1663 297 1728 εἰσελεύσεται
319 1674 430 1729 κακῶν
454 1665 501 1741 εἰς
520 1664 581 1747 την
599 1666 698 1729 πόλιν
717 1662 800 1750 ἀρχὴ
820 1661 1092 1729 συνεθισθέντων

76 1770 116 1832 τά
144 1769 242 1835 κοινὰ
265 1780 331 1834 τῶν
354 1772 505 1854 πενήτων
529 1770 780 1855 διαλαγχάνειν·
807 1770 899 1835 αἵτε
922 1767 990 1854 μετ’
1013 1768 1093 1835 ἐκεί-

76 1899 159 1951 νους
176 1877 409 1941 πεντεκαίδεκα
427 1877 579 1942 ὑπατεῖαι
598 1882 731 1942 πολλῶν
746 1876 860 1952 αὐταῖς
878 1874 1093 1960 ἐπαχθέντων
1108 1901 1133 1942 ιι

77 1979 142 2046 ὑπὸ
167 1990 227 2046 τοῦ
252 1983 360 2066 δημου
382 1984 555 2048 κινδύνων
578 1979 679 2048 οὐδέν
696 1980 891 2067 ὑπέμειναν,
914 1982 932 2046 δ
952 1983 996 2066 μὴ
1016 1999 1094 2047 συν-

78 2085 175 2173 έφερε
199 2096 245 2174 τῶ
267 2087 414 2176 (κοινῷ)
437 2089 604 2176 πράττειν,
628 2089 684 2154 διὰ
707 2090 744 2154 τὸ
763 2071 840 2172 μηδ”
858 2086 980 2164 ἐξεῖναι
999 2090 1093 2170 σφίσι

8 2251 9 2254 ,
77 2194 160 2258 κατὰ
192 2195 230 2259 τὸ
262 2194 496 2280 προβούλευμα
525 2184 603 2271 τοὺς
631 2196 822 2280 γεωμόρους
851 2191 1094 2276 ἀποδεικνύειν,
1139 2250 1141 2254 ⁴

77 2297 164 2364 ἀλλά
190 2311 260 2377 τοίς
281 2301 424 2385 πρώτοις
447 2299 585 2376 ἐκείνοις
607 2299 751 2376 ὑπάτοις.
765 2293 781 2324 '
798 2296 873 2363 ὥστ’
902 2297 974 2365 οὐδ’
1002 2299 1129 2382 ὑμίν,3

78 2408 214 2490 ἔφησεν,
237 2401 263 2470 ὦ
289 2403 466 2492 Οὐαλέριε,
489 2404 544 2471 καί
567 2409 609 2470 σὺ
632 2408 777 2491 Αἰμίλιε,
799 2413 861 2489 γῆς
883 2403 1096 2488 ἀναδασμοὺς
1108 2432 1135 2472 εο
1179 2413 1239 2463 ὑφ’

77 2511 263 2597 εἰσφέρειν,
291 2511 350 2589 οὑς
373 2512 434 2577 οὑκ
458 2510 610 2590 ἐπέταξεν
633 2510 713 2596 ὑμίν
735 2514 773 2578 τὸ
796 2509 990 2596 συνέδριον,
1018 2510 1094 2575 ούτε

77 2621 187 2694 καλῶς
215 2619 296 2702 ἔχει,
324 2621 501 2703 προγόνων
530 2612 627 2682 οὖσιν
650 2616 804 2701 ἀγαθῶν,
834 2605 905 2683 οὔτ’
931 2615 1094 2700 ἀσφαλῶς.

78 2721 133 2787 καί
164 2721 241 2810 περὶ
268 2719 329 2808 μέν
355 2732 415 2789 τοῦ
443 2724 749 2809 προβουλεύματος,
779 2723 823 2799 ὡς
851 2722 892 2787 ού
918 2727 1094 2808 κρατεῖσθε

78 2827 135 2894 ὑπ’
160 2828 264 2895 αὑτοῦ
288 2829 323 2894 οἰ
342 2830 513 2906 τοσούτοις
530 2829 671 2917 ὕστερον
690 2829 933 2905 ὑπατεύσαντες
951 2831 1096 2914 χρόνοις,

155 3063 168 3109 1
189 3054 325 3126 ὑπάτους]
345 3053 394 3110 ὑπ’
416 3056 518 3118 αὑτοὺς
535 3053 582 3108 Ba
637 3062 652 3109 6
672 3053 792 3124 δημόσια
811 3055 962 3125 πράγματα
977 3054 999 3108 Ο
1013 3071 1096 3124 prae-

78 3126 166 3181 sserB
252 3133 267 3182 ’λ
292 3127 415 3192 δόξαντα
433 3125 481 3180 Bb
506 3133 510 3192 Ι
537 3124 576 3188 εἰς
594 3123 696 3196 χρόνον
716 3124 810 3196 ἕτερον
829 3125 879 3179 καί
897 3124 1048 3194 διάγνωσιν
1073 3141 1096 3180 c.

79 3197 243 3268 Stephanus
316 3203 332 3250 9
351 3195 499 3266 εἰσήγαγεν
519 3213 542 3252 ο.
561 3199 663 3250 Garrer
681 3196 746 3252 Obs.
763 3215 790 3266 p.
806 3201 839 3250 56
913 3202 945 3248 11
965 3196 1096 3264 λαχόντες

80 3267 151 3322 Oet
170 3268 274 3322 Reiske
297 3267 431 3340 λαβόντες
448 3267 474 3320 R
497 3268 629 3340 λαβόντες
647 3265 785 3322 ὑπατείαν
808 3285 830 3320 c.
852 3265 972 3334 Sylburg
1063 3272 1097 3319 14

80 3337 161 3413 <αἰ>
182 3339 228 3392 Bb
302 3344 335 3392 15
360 3340 456 3400 αὑτοῖς
473 3337 525 3391 ΑΒ
598 3343 631 3392 16
651 3337 819 3407 συνεφέρετο
837 3336 969 3406 πράττειν
987 3335 1013 3390 A
1031 3353 1097 3390 συν-

80 3408 168 3481 έφερε
187 3416 226 3483 τῷ
244 3408 415 3480 πράττεινΒ
435 3426 458 3464 σ.
473 3415 510 3482 τῷ
529 3415 614 3481 κοινῷ
633 3409 766 3478 πράττειν
780 3407 924 3477 Kiessling
980 3412 1012 3461 18
1032 3407 1097 3470 τούς

78 3501 109 3534 τε
129 3480 252 3552 ὁμόρους
271 3481 472 3536 ἀποδείκνυσιν
491 3479 541 3534 Ac
606 3487 639 3534 22
660 3478 733 3549 ἐχειν
752 3481 777 3533 A
