2484 3876
495 179 654 228 ,Ζ-

24 318 25 350 ³
71 333 132 420 παρ’
153 336 239 420 ἡμῖν.
288 339 545 426 χερνιψάμενοί
568 361 602 404 τε
632 339 695 424 γὰρ
728 336 822 406 αὐτοὶ
851 335 906 404 καὶ
936 338 975 404 τά
1006 337 1079 424 ίερά

69 449 183 532 καθαρῷ
203 451 497 530 περιαγνίσαντες
514 446 611 512 ὑόατι
629 443 685 510 καὶ
703 449 915 530 Δημητρίους
932 446 1080 530 καρποὺς

69 549 284 635 ἐπιρράναντες
324 552 445 619 αὐτῶν
475 563 545 630 ταῖς
576 556 751 636 κεφαλαῖς,
783 553 894 617 ἔπειτα
925 550 1079 630 κατευξά-

68 681 152 740 μενοι,
172 658 279 724 θύειν
305 661 389 724 τότε
413 669 482 736 τοῖς
504 656 681 744 ὑπηρέταις
703 657 786 723 αὐτὰ
809 655 970 724 ἐκέλευον.
1011 668 1078 724 τῶν

70 761 90 827 θ’
107 764 137 829 οί
154 760 215 848 μὲν
240 763 400 843 ἑστῶτος
423 767 470 830 ἔτι
488 775 548 831 τοῦ
570 765 720 849 θύματος
740 764 884 850 σκιπάλη
902 764 982 840 τοὺς
1001 786 1078 848 κρο-
1103 784 1118 827 ι

69 871 169 954 τάφους
197 873 349 955 ἔπαιον,
379 872 415 938 οί
435 867 473 936 ἀὲ
494 874 671 949 πίπτοντος
692 869 893 936 ὑπετίθεσαν
914 868 973 944 τὰς
994 884 1078 953 σφα-

74 977 156 1060 γίδας,
188 976 251 1043 καὶ
289 979 377 1063 μετὰ
408 987 507 1044 τοῦτο
539 973 705 1062 δείραντές
736 997 770 1042 τε
802 972 857 1040 καὶ
889 977 1079 1060 μελίσαντες

77 1082 194 1169 ἀπαρχάς
219 1083 424 1170 ἐλάμβανον
447 1082 481 1162 ἐξ
506 1081 644 1150 ἑκάστου
667 1083 858 1169 σπλάγχνου
880 1079 935 1147 καὶ
957 1083 1079 1160 παντὸς

74 1190 149 1254 άλλαυ
178 1190 331 1276 μέλους,
366 1190 404 1268 ἃς
431 1189 581 1276 ἀλφίτοις
613 1187 683 1270 ζέας
709 1189 950 1266 ἀναδεύσαντες
976 1206 1078 1274 προσ-

72 1294 167 1380 έφερον
197 1307 278 1376 τοῖς
303 1299 453 1364 θύουσιν
480 1293 533 1362 έπὶ
560 1307 685 1362 κανων·
715 1295 750 1362 οἱ
771 1291 801 1361 θ’
829 1293 882 1360 ἐπὶ
907 1297 985 1373 τοὺς
1012 1299 1076 1381 βω·
1091 1319 1119 1360 ιο

71 1405 135 1484 μοὺς
157 1403 342 1482 ἐπιθέντες
366 1404 518 1490 ὑφῆπτον
537 1401 592 1470 καὶ
610 1399 858 1490 προσέσπενδον
877 1397 972 1468 οίνον
995 1403 1077 1468 κατὰ

71 1519 121 1573 τῶν
137 1509 384 1597 ἁγνιζομένων.
430 1509 567 1576 ἕκαστον
586 1506 617 1574 δ’
640 1509 690 1574 ὅτι
708 1508 790 1574 κατὰ
807 1510 932 1592 νόμους
950 1506 1076 1592 έγίνετο
1089 1513 1130 1579 16

71 1617 132 1692 τοὺς
148 1616 242 1703 ἀμφὶ
261 1621 390 1684 θυσίαν
408 1614 465 1701 ὑφ’
484 1613 653 1700 Ἑλλήνων
671 1613 945 1698 κατασταθέντας,
966 1612 1003 1680 ἐκ
1020 1622 1077 1698 τῆς

32 1716 196 1808 αιεὉμῆρου
221 1727 390 1808 ποιήσεως
411 1734 537 1806 γνῶναι
566 1719 694 1810 ῥάόιου.
739 1721 794 1790 καὶ
820 1721 884 1804 γάρ
906 1743 1076 1807 χερνιπτο-

73 1823 176 1908 μένους
207 1830 338 1914 εἰσάγει
367 1832 444 1908 τοὺς
470 1829 580 1915 ἥρωας
607 1825 662 1894 καί
690 1828 804 1906 οὑλαίς
825 1825 1014 1914 χρωμένους
1037 1826 1074 1895 έν
1089 1851 1115 1894 ιι

74 1923 112 2008 οἷς
131 1953 229 2020 φησι·

128 2063 341 2145 Χερνίψαυτο
365 2058 395 2125 ‹5'
423 2063 533 2126 ἔπειτα
556 2057 612 2124 καὶ
634 2058 815 2145 οὐλοχύτας
837 2056 1005 2124 ἀνέλοντο.

13 2245 14 2257 ,
74 2185 339 2268 τριχοτομοῦντάς
370 2180 400 2248 τ’
438 2182 502 2249 ἀπὸ
532 2193 590 2267 τῆς
618 2186 762 2266 κεφαλῆς
795 2182 852 2260 τὰς
880 2185 992 2267 τρίχας
1020 2178 1075 2246 καὶ

14 2272 15 2283 ¹
77 2288 218 2368 τυθέντας
240 2288 294 2356 ἐπὶ
315 2293 353 2356 τὸ
376 2279 442 2375 πὺρ
466 2284 530 2356 ὧδε
554 2290 708 2374 γράφων·

15 2476 16 2510 ,
130 2409 214 2481 Ἀλλ’
227 2415 246 2481 ό
260 2410 292 2498 γ’
305 2414 531 2501 ἀπαρχόμενος
544 2418 688 2498 κεφαλῆς
701 2415 813 2499 τρίχας
826 2410 863 2476 έν
873 2408 955 2495 πυρὶ
964 2408 1074 2495 βάλλε.
1088 2435 1116 2476 ιο

13 2625 14 2632 χ
81 2541 240 2616 σκυτάλαις
263 2564 297 2604 τε
320 2541 477 2616 παίοντας
499 2538 538 2603 τά
562 2537 693 2622 μέτωπα
715 2547 781 2602 τῶν
806 2537 935 2617 ἱερείων
957 2533 1013 2601 καὶ
1036 2536 1075 2601 τὰ

80 2649 207 2712 πεσόντα
229 2647 387 2730 θύοντας,
409 2645 454 2722 ὡς
476 2642 529 2710 έπὶ
551 2653 608 2728 τῆς
630 2643 781 2728 Εὐμαίου
804 2653 894 2707 ποιεῖ
913 2645 1046 2720 θυσίας·

134 2773 224 2849 Κόφε
249 2767 278 2835 δ’
303 2769 531 2854 ἀπαρχόμενος
554 2771 644 2854 σχίζη
668 2770 781 2854 δρυός,
803 2767 845 2850 ῆν
868 2770 942 2833 λίπε
964 2772 1074 2836 κείων.

139 2879 202 2943 Ίὺν
226 2874 256 2942 δ’
285 2879 375 2940 ἔλιπε
398 2877 500 2960 ψυχή·
528 2872 580 2940 τοὶ
604 2871 634 2939 δ’
661 2872 805 2959 ἔσφαξάν
828 2897 862 2939 τε
885 2875 940 2939 καί
962 2869 1074 2942 εὗσαν.

86 2997 211 3086 ἀπαρχάς
238 2997 266 3066 τ’
295 2998 359 3064 ἀπὸ
386 3011 452 3064 τῶν
479 2999 677 3084 σπλάγχνων
704 2997 759 3063 καὶ
786 2997 850 3064 ἀπὸ
872 3010 939 3064 τῶν
962 2979 1126 3094 άλλωνξ,7

139 3157 312 3228 λὺήμητρος
331 3157 353 3212 0
372 3173 441 3210 corr.
464 3155 594 3210 Meineke
616 3155 687 3208 Ann.
711 3155 780 3224 phil.
804 3161 871 3210 1863
890 3175 917 3226 p.
932 3161 984 3209 369
1057 3161 1073 3210 5

87 3224 154 3296 ὁμὲν
168 3261 200 3269 -
216 3227 315 3283 ἕπαιεν
334 3244 357 3283 ο.
375 3227 518 3297 Kiessling
603 3225 871 3300 6τιίπτοντ<ος>Β
961 3229 991 3279 11
1013 3220 1075 3280 έπι-

86 3297 167 3362 θέντες
185 3317 207 3354 ο.
226 3298 370 3368 Kiessling
387 3295 561 3360 ἐπιτιθέντες
580 3298 602 3352 0
677 3305 709 3352 12
724 3295 895 3368 ἁγιζομένων
908 3294 933 3347 Α
948 3301 952 3360 Ι
970 3293 1019 3367 (θ’
1036 3294 1074 3369 b>

86 3371 138 3424 ιιΒ
206 3377 240 3426 17
259 3369 405 3441 ἀνάλωτο]
424 3369 615 3442 προυβάλοντο
629 3368 665 3434 Β;
684 3370 809 3423 ceterum
826 3383 922 3421 versus
936 3365 1074 3423 conflatus

88 3442 119 3494 est
134 3458 170 3496 ευ
180 3442 212 3498 11.
232 3463 251 3496 α
270 3447 321 3496 449
340 3444 370 3495 εὑ
387 3445 439 3495 458
521 3446 556 3493 24
574 3438 731 3507 σφάξαντες
749 3434 834 3490 εὑοαν
852 3436 983 3503 ἀπαρχάσ
1000 3456 1029 3490 τε
1048 3441 1074 3492 A
