2538 3884
130 169 195 236 356
553 169 721 221 -Θ-

129 331 166 398 ἐκ
195 339 327 417 μικρᾶς,
357 327 518 414 ἐπιφανής
548 325 577 394 δ’
607 327 639 407 ἐξ
668 327 792 407 άδόξου
818 325 958 412 γέγονεν
984 328 1005 411 ή
1031 331 1159 407 πόλις;

129 433 184 502 καὶ
207 435 402 511 στασιαστὰς
426 430 558 519 ἑτέρους
580 431 757 511 ἀποκαλεῖς
779 429 834 498 καὶ
857 433 1045 518 φυγαδικήν
1066 457 1160 498 τινα

129 544 233 629 τύχην
256 542 442 624 ὀνειδίζεις,
472 540 580 627 ὥσπερ
604 539 665 625 οὑχ
689 538 844 605 ἁπάντων
867 539 1064 605 ἐτντοὺτων
1089 562 1160 623 με-

130 647 307 734 μνημένων
330 650 368 714 τὸ
391 639 469 712 καθ’
490 646 586 730 ὑμᾶς,
609 646 659 711 ὅτι
683 645 919 724 στασιάσαντες
940 645 976 711 οί
993 642 1046 711 σοὶ
1063 648 1159 730 πρό-

105 778 227 839 εγονοι
258 756 341 841 πρὸς
372 755 451 830 τοὺς
482 749 518 817 ἐν
550 749 636 817 τέλει
668 749 723 817 καλ
753 753 814 836 τήν
845 749 971 817 ἑαυτῶν
1002 753 1158 838 πατρίδα

130 863 363 936 καταλιπόντες
400 853 517 922 ἐνθάδ’
553 856 743 943 ἱδρύθησαν
781 855 901 937 ἱκέταις
943 859 975 922 εί
1005 859 1050 942 μή
1083 859 1159 943 ἄρα

131 968 226 1052 ὑμεῖς
252 963 313 1052 μὲν
341 963 529 1040 ἐκλιπόντες
555 963 617 1046 τήν
645 960 772 1030 ἑαυτῶν
797 963 940 1049 πατρίδα
966 965 1065 1053 πόθιμ
1091 972 1158 1047 τῆς

131 1071 323 1158 ἐλευθερίας
359 1071 462 1136 καλὸν
495 1071 594 1155 ἔργον
626 1067 816 1155 ἐπράττετε,
850 1067 1006 1153 Ῥωμαῖοι
1039 1066 1077 1134 δὲ
1108 1071 1156 1134 τδι

98 1179 232 1262 θόμοια
259 1178 339 1263 ὑμῖν
363 1176 558 1262 δεδρακότες
580 1174 622 1240 οὐ
644 1179 755 1242 καλόν.
802 1182 924 1263 τολμᾷς
947 1171 985 1240 δέ
1007 1173 1063 1240 καὶ
1085 1177 1153 1259 τήν

92 1308 118 1348 ιο
131 1294 198 1349 τῶν
226 1284 405 1370 δημάρχων
434 1280 588 1360 ἐξουσίαν
614 1282 660 1358 ὡς
682 1280 736 1347 ἐπὶ
758 1291 848 1370 κακρλ
871 1287 1149 1367 παρεληλυθυῖαν

132 1391 179 1467 είς
201 1391 262 1474 τήν
284 1392 384 1456 πόλιν
408 1388 587 1473 λοιδορεῖν,
610 1385 665 1452 καλ
688 1391 817 1467 πείθεις
833 1385 989 1454 τουτουσὶ
1007 1393 1151 1454 καταλῦ-

132 1514 187 1562 σαι
214 1497 275 1580 τήν
302 1506 370 1561 τῶν
399 1496 551 1578 πενήτων
580 1491 773 1581 ἐπικουρίαν
796 1495 857 1578 τήν
881 1494 974 1580 ίερδν
997 1492 1054 1560 καλ
1077 1493 1152 1559 ἀκί-

132 1626 236 1686 νητον
257 1601 313 1668 καὶ
336 1602 494 1687 μεγάλαις
516 1599 768 1685 ἠσφαλισμένην
792 1599 828 1666 ἐκ
850 1606 944 1666 θεῶν
961 1623 996 1665 τε
1015 1602 1072 1665 καί
1090 1600 1152 1665 άν-
1265 1607 1266 1678 γ

132 1710 280 1794 θρώπυν
298 1707 468 1792 ἀνάγκαις,
491 1701 517 1771 ὦ
537 1708 776 1791 μισοδημότατε
795 1704 851 1773 καὶ
869 1707 1151 1793 τυραννικώτατες
1265 1679 1266 1737 δ

93 1837 119 1878 15
132 1811 187 1880 καλ
210 1809 290 1879 οὐδὲ
313 1811 399 1878 τοῦτ2
424 1815 488 1899 άρα
510 1811 679 1898 ἐδυνήθης
701 1819 835 1898 μαθεῖν,
858 1813 908 1878 ὅτι
931 1822 970 1898 τῇ
988 1833 1023 1878 τε
1042 1817 1230 1900 βουλῇιειε

132 1917 187 1985 καλ
213 1927 252 2004 τῇ
281 1927 422 1984 σεαυτοῦ
450 1918 533 2006 ἀρχή
561 1928 663 1984 ταῦτα
690 1917 797 2004 λέγων
820 1921 972 2006 λοιδορῇς
1005 1917 1062 1984 καλ
1083 1921 1150 2007 γάρ

132 2025 153 2109 ή
186 2026 291 2110 βουλή
322 2026 525 2091 διαναστᾶσα
553 2028 636 2111 πρὸς
663 2028 740 2103 τοὺς
767 2029 929 2110 βασιλεῖς,
962 2019 1010 2091 ὧν
1038 2025 1153 2092 οὐκέτι

132 2134 191 2210 τάς
205 2133 445 2219 Ι’ὑπερηφανίας
471 2129 606 2209 καὶτὰς
630 2123 744 2218 ὑβρειξ·
766 2131 947 2219 ὑποφέρειν
970 2131 1083 2216 ήξίου,
1111 2135 1152 2199 τὸ

133 2249 200 2304 τῶν
227 2239 361 2305 ὑπάτων
389 2238 522 2325 άρχεῖον
550 2241 786 2323 κατεστήσατο,
813 2237 869 2304 καὶ
895 2235 976 2324 πρὶν
999 2237 1153 2318 ἐκείνους

94 2369 121 2408 εο
134 2344 283 2423 ἐξελάσαι
314 2354 372 2429 της
402 2348 528 2422 πόλεως
560 2342 693 2430 ἑτέρους
726 2343 860 2430 ἐποίησε
889 2353 946 2428 τῆς
975 2348 1153 2430 βασιλικῆς
1264 2395 1265 2432 3

98 2451 284 2531 3ἐξαυσίας
304 2455 449 2538 κυρίους.
491 2447 575 2516 ὥσθ’
603 2450 624 2516 ὑ
646 2447 722 2537 περὶ
745 2458 803 2533 τῆς
826 2451 1009 2536 δημαρχίας
1032 2450 1152 2536 λε’γεις,
1264 2437 1265 2492 Ῑ

134 2561 178 2636 ὡς
207 2556 261 2624 ἐπλ
287 2567 377 2646 κακῷ
405 2560 689 2644 παρεληλυθυίας,
721 2555 833 2640 ἐπειδή
861 2558 922 2640 τήν
949 2555 1056 2643 ἀρχὴν
1084 2557 1152 2624 ἀπὸ

134 2666 342 2748 διχοστασίας
361 2666 469 2748 ἔλαβε,
491 2673 593 2730 ταῦτα
610 2661 666 2728 καὶ
684 2664 765 2728 κατδι
784 2672 841 2747 τῆς
857 2662 1014 2739 ὑπατείας
1033 2661 1150 2747 λέγεις.

134 2766 215 2835 οὑδλ
237 2771 301 2855 γάρ
324 2768 454 2855 ἐκείνην
477 2771 560 2856 άλλη
583 2794 634 2847 τις
657 2770 809 2853 είσήγαγε
831 2772 1007 2856 πρόφασις,
1031 2767 1104 2834 ἀλλ’
1128 2770 1150 2854 ή

94 2859 217 2974 ,ξπρὸς
248 2876 326 2951 τοὺς
356 2878 502 2959 βασιλεῖς
532 2887 600 2941 τῶν
629 2877 812 2961 πατρικίων
838 2875 959 2952 στάσις.
1005 2873 1091 2941 άλλδ
1117 2879 1154 2941 τί

134 2980 237 3047 ταῦτά
263 2995 317 3045 σοι
340 2976 549 3064 διαλέγομαι,
577 2981 621 3059 ὡς
644 2990 774 3068 χρηστῷ
796 2977 851 3045 καὶ
874 2983 995 3069 μετρίῳ
1018 2985 1151 3069 πολίτη,

135 3089 175 3155 δν
202 3088 344 3163 ἅπαντες
375 3090 485 3150 ίσασιν
513 3081 606 3153 οὑτοι
635 3089 752 3154 σκαιὸν
780 3089 860 3154 ὄντα
887 3088 943 3153 διά
970 3084 1068 3171 γένος
1096 3086 1152 3154 καλ

205 3289 302 3338 2τινι
325 3297 348 3336 ο.
368 3279 512 3404 ΚλεεεΙίυχ
534 3278 699 3334 dubitanter
780 3287 874 3334 ἐτῶν
892 3278 963 3334 καθ’
984 3279 1059 3348 ημᾶς
1077 3279 1151 3350 Βὺή
1263 3257 1264 3266 ¹

136 3354 225 3407 οἴσολ
242 3354 290 3407 Ba
358 3348 469 3407 θένθα
499 3349 691 3421 δρὺθησανΑ
761 3350 847 3421 ’ίμδν
867 3367 920 3406 om.
939 3349 965 3402 A
1034 3355 1068 3402 17
1089 3353 1154 3404 δια-

136 3429 260 3475 ναστᾶσα
274 3431 353 3475 πᾶσα
366 3422 436 3491 πρὸς
450 3420 472 3475 Ο
487 3424 600 3492 μετιεῖσι
614 3423 636 3474 Β
656 3421 794 3475 διαστᾶσα
808 3421 829 3476 C
875 3427 908 3476 27
928 3420 977 3475 διὰ
990 3417 1092 3490 γένους
1106 3421 1154 3476 Βε
