2496 3878
526 248 689 298 -Ζ-
1069 247 1110 313 51

48 402 240 531 ἀγνοῶν,
264 404 314 471 ὅτι
333 409 554 492 μεγαλόφρων
572 404 713 492 ἀνήρ’
676 431 736 494 ουχ
755 408 917 493 ὑπομενεῖ
931 401 1192 497 κατήγοροςν

48 470 215 578 εαυτοῦ
238 515 420 596 γενόμενος
442 513 487 590 ὡς
508 513 704 599 ἡμαρτηκὼς
727 515 848 599 άφεσιν
871 519 1036 580 αἰτεῖσθαι
1054 525 1112 600 τής

82 619 263 703 τιμωρίας,
282 614 355 683 οὐδ’
373 619 405 682 εί
404 618 650 705 ςόλοφυρμούς
664 617 720 686 καὶ
734 621 862 704 δεήσεις
874 621 1112 706 καταφεύξεται

80 725 178 808 παρὰ
208 721 314 789 τὸν
297 734 418 791 εαυτοῦ
445 729 569 809 τρόπον
576 776 586 811 ,
614 723 686 792 ἀλλ’
714 729 788 812 ήτοι
815 723 870 793 καλ
895 729 932 794 τὸ
955 729 1111 815 παράπαν

80 829 273 908 ἀπαξιώσει
299 833 361 915 τήν
387 830 586 918 ἀπολογίαν,
614 831 635 917 ή
662 834 723 918 τήν
751 835 898 918 ἔμφυτον
926 834 1111 900 αὐθάδειαν
1137 857 1150 898 ε

78 937 271 1021 φυλάττων
302 933 408 1002 οὐθὲν
439 937 673 1004 ὑποθωπεύσει
706 941 765 1006 τὸν
797 940 905 1024 δῆμον
935 941 1111 1026 μετριάσας

77 1040 160 1129 περὶ
191 1045 276 1119 τούς
302 1046 437 1125 λόγους·
469 1043 549 1130 ὅπερ
576 1041 632 1110 καλ
660 1042 793 1130 συνέβη.
835 1043 1019 1131 γενομένης
1045 1048 1144 1132 γὰρ3
1185 1029 1225 1090 V

76 1150 229 1234 ἡσυχίας
252 1148 308 1216 καὶ
330 1155 454 1236 πολλῆς
477 1149 680 1236 ἐμπεσούσης
703 1151 819 1236 όλίγου
843 1154 916 1218 δεῖν
938 1161 1018 1218 πᾶσι
1041 1163 1110 1230 τοῖς

76 1258 285 1341 δημοτικοῖς
305 1260 495 1343 προθυμίας
517 1256 676 1324 ἀπολύειν
698 1257 813 1342 αὐτόν,
836 1260 867 1324 εί
883 1261 943 1326 τὸν
960 1261 1109 1345 παρόντα

74 1364 311 1449 θεραπεύσειε
340 1368 474 1449 καιρόν,
510 1365 666 1450 τοιαύτην
702 1365 888 1431 αὐθάδειαν
920 1364 1107 1444 ἐπεδείξατο
1123 1391 1148 1430 10

14 1467 296 1554 1386λόγων,καὶ
321 1477 483 1534 τοσοῦτον
505 1470 616 1536 αὐτῶν
638 1474 895 1558 κατεφρόνησεν,
919 1471 1001 1536 ὥστε
1025 1493 1107 1556 παρ-

72 1578 199 1641 ελθὼν
233 1574 371 1660 ἔξαρνος
400 1570 461 1658 μὲν
490 1572 573 1661 ὑπὲρ
601 1576 746 1654 οὐθενὸς
772 1571 814 1660 ήν
842 1585 910 1640 τῶν
936 1577 1019 1662 πρὸς
1046 1579 1107 1662 τήν

70 1683 218 1766 βουλήν
245 1679 431 1768 εἰρημένων
458 1682 539 1746 κατὰ
566 1691 627 1747 τοῦ
653 1684 821 1766 πλήθους,
849 1678 921 1748 οὐδ’
945 1681 989 1759 ὡς
1011 1706 1108 1767 μετα-

69 1789 264 1871 γινώσκων
289 1783 338 1851 ἐπ’
361 1787 473 1863 αὐτοῖς
496 1788 543 1862 είς
565 1792 696 1863 οἴκτους
717 1785 772 1851 καὶ
789 1789 1002 1872 παραιτήσεις
1021 1787 1108 1875 ἐτρέ-

69 1914 167 1960 πετο·
203 1892 315 1978 άρχήν
342 1888 372 1955 δ’
401 1888 481 1958 οὐδὲ
509 1893 677 1968 δικασταῖς
698 1892 817 1969 ἀὐτοῖς
843 1891 938 1976 ήξίου
960 1901 1107 1979 χρῆσθαι
1121 1921 1148 1962 ιε

69 1997 151 2087 περὶ
173 1999 324 2075 οὐδενὸς
342 1999 542 2083 πράγματος,
560 1999 605 2076 ὡς
623 1997 784 2082 οὐδεμίαν
802 1999 935 2083 ἔχουσιν
952 1997 1106 2076 ἐξουσίαν

69 2109 242 2190 νόμιμον·
274 2106 306 2168 εί
328 2101 365 2170 δὲ
388 2107 590 2190 βουλήσεταί
607 2128 658 2180 τις
680 2102 732 2169 ἐπὶ
755 2113 822 2170 τῶν
846 2103 980 2169 ὑπάτων
1003 2105 1106 2171 αὐτοῦ

71 2221 288 2298 κατηγορεῖν
317 2209 375 2276 εἴτ’
403 2213 511 2296 ἔργων
539 2211 687 2288 εὐθύνας
714 2209 864 2276 ἀπαιτῶν
891 2217 956 2276 είτε
983 2215 1105 2294 λόγων,

72 2322 160 2385 ἔνθα
185 2322 301 2403 νόμος
323 2314 413 2382 ἐστὶν
436 2316 565 2402 ἕτοιμος
587 2311 672 2382 εἶναι
697 2319 794 2402 δίκην
817 2316 959 2403 ὑπέχειν.
1005 2328 1141 2401 παρε-4

71 2422 272 2510 ληλυθέναι
302 2419 339 2488 δὲ
366 2426 448 2508 πρὸς
475 2426 553 2500 τοὺς
579 2424 723 2507 δημότας
750 2426 878 2507 ἔλεγεν,
906 2421 1019 2505 ἐπειδή
1047 2447 1104 2488 κα-
1118 2451 1146 2492 εο

72 2537 199 2597 λοῦσιν
236 2529 350 2612 αὐτοί,
384 2531 424 2594 τά
456 2525 518 2614 μεν
497 2529 752 2613 νέπιτιμήσων
783 2539 855 2606 ταῖς
885 2533 1105 2613 παρανομίαις

73 2638 188 2702 αὐτῶν
227 2633 287 2701 καὶ
318 2633 538 2718 πλεονεξίαις,
574 2626 626 2712 αἷς
658 2635 837 2721 ἐχρήσαντο
869 2637 948 2718 περί
976 2657 1011 2698 τε
1042 2637 1104 2719 τήν

73 2744 269 2810 ἀπόστασιν
288 2738 343 2805 καὶ
362 2741 442 2824 μετὰ
461 2742 522 2824 τήν
540 2740 704 2806 κάθοδον·
728 2742 767 2806 τὰ
787 2737 824 2805 δὲ
843 2742 1104 2824 συμβουλεύσων

74 2849 231 2935 ἐπισχεῖν
258 2848 325 2932 ήδη
354 2843 432 2912 ποτὲ
459 2844 514 2911 καὶ
543 2850 711 2911 συστεῖλαι
739 2847 795 2924 τὰς
822 2846 960 2924 ἀδίκους
987 2847 1104 2915 ἐπιθυ-

75 2959 158 3084 μίας.
209 2951 270 3018 καὶ
300 2952 381 3036 μετὰ
408 2960 487 3018 τοῦτ
490 2949 725 3038 ’ἐπιστρεφῶς
752 2951 840 3017 πάνυ
868 2951 924 3019 καί
951 2944 1144 3060 θρασέως5

76 3059 239 3126 απάντων
257 3056 372 3122 αὐτῶν
390 3060 576 3141 καθήπτετο
594 3055 649 3122 καῖ
668 3057 809 3141 μάλιστα
826 3068 895 3123 τῶν
914 3061 1102 3148 δημάρχων.

23 3179 76 3229 ιεεῑ
69 3175 208 3250 προσῆν
240 3161 271 3228 δ’
302 3163 406 3229 αὐτοῦ
433 3175 503 3240 τοῖς
529 3167 640 3246 λόγοις
667 3163 728 3249 οὐχ
757 3165 801 3241 ὡς
828 3169 966 3232 πολίτου
995 3169 1150 3253 δῆμον

80 3271 369 3346 ἀναδιδάσκοντος
400 3268 592 3352 εὐλόγιστος
624 3271 740 3354 αίδύς,
778 3265 849 3336 οὐδ’
887 3270 931 3346 ὡς
964 3272 1101 3340 ίδιώτου
1188 3289 1192 3296 ’

146 3425 327 3498 ιδπομένει
316 3425 398 3480 ιΑΒ
467 3425 620 3480 θάπολύι
577 3445 638 3480 οιεν
657 3425 680 3478 Β
699 3426 850 3480 ἀπολύσειν
868 3425 891 3477 Β
963 3431 996 3479 18
1016 3428 1104 3483 άπαι

83 3507 131 3555 τῖνε
151 3501 327 3556 Οὐιπειτῶν
346 3497 425 3568 Cmg
484 3493 779 3565 25ἐπιστρόφωςΑο
901 3581 938 3630 4*
