2538 3884
515 195 613 248 -Θ
650 225 682 238 -
1041 196 1107 262 345

72 355 229 439 τοιαύτη
253 350 291 420 δὲ
315 364 471 444 συμφορᾷ
493 366 551 440 της
573 359 701 434 πόλεως
723 358 824 441 οὔσης
846 369 915 436 τοῖς
938 357 1108 445 ἐξηγηταῖς

72 470 157 526 τῶν
181 459 283 544 ίερῶν
305 463 432 544 γίνεται
455 464 596 546 μήνυσις
617 464 683 530 ὑπὸ
707 465 833 530 δούλου
854 468 957 550 τινός,
979 466 1030 531 ὅτι
1049 469 1107 551 μία

73 575 158 631 τῶν
188 565 366 651 ἱεροποιῶν
393 566 574 654 παρθένων
601 579 669 636 τών
695 575 935 655 φυλαττουσῶν
962 574 999 638 τὸ
1023 571 1108 638 άθά-

74 695 193 738 νατον
220 680 288 757 πῦρ
308 669 456 758 Ὀρβινία
484 676 545 759 τήν
567 678 755 761 παρθενίαν
777 675 966 744 ἀπολώλεκε
989 675 1107 744 καὶτὰ

8 777 163 863 ιεσείερά
184 778 266 844 θύει
289 779 328 844 τά
350 787 408 864 τῆς
430 783 558 858 πόλεως
580 781 643 848 οὐκ
666 776 751 850 οὖσα
773 783 917 870 καθαρά.
959 783 1106 852 κάκεῖνοι
1134 805 1147 845 ι

76 886 350 968 μεταστήσαντες
381 885 487 971 αὐτήν
515 887 581 954 άπὸ
611 899 679 954 τῶν
709 889 809 975 ίερών
839 887 895 956 καὶ
926 889 1108 975 προθέντες

79 992 203 1076 δίκην,
234 989 347 1076 ἐπειδή
370 994 561 1079 καταφανής
581 991 713 1078 ἐγένετο
737 995 948 1082 ἐλεγχθεῖσα,
970 996 1108 1083 ήάβόοις

77 1095 112 1162 τ’
138 1097 370 1182 ἐμαστίγωσαν
392 1097 448 1166 καλ
469 1102 719 1186 πομπεύσαντες
740 1103 798 1168 διὰ
820 1111 878 1187 τής
900 1107 1027 1181 πόλεως
1051 1106 1107 1182 ζώ-

80 1221 153 1270 σαν
181 1203 385 1289 κατώρυξαν.
431 1217 499 1272 τών
523 1203 561 1272 δέ
584 1206 859 1293 διαπραξαμένων
880 1210 944 1294 τήν
967 1208 1143 1278 άνοσίαν4

80 1311 226 1397 φθορὰν
247 1311 266 1377 6
290 1307 351 1395 μὲν
369 1311 480 1397 ἕτερος
498 1309 618 1380 ἑαυτὸν
636 1316 845 1400 διεχρήσατο,
867 1318 926 1382 τὸν
946 1314 977 1381 δ’
993 1316 1108 1403 ἕτερον
1121 1335 1149 1377 ιο

81 1418 123 1482 oc
136 1427 208 1483 τῶν
228 1417 327 1503 ίερών
344 1414 518 1484 ἐπίσκοπα
535 1423 758 1506 συλλαβόντες
776 1418 813 1486 ἐν
831 1419 938 1508 άγορᾷ
955 1421 1107 1506 μάστιξιν

81 1523 300 1608 αἰκισάμενοι
327 1523 479 1610 καθάπερ
507 1524 723 1609 ἀνδράποδον
751 1523 956 1592 ἀπέκτειναν.
1001 1523 1107 1611 ἡμὲν

83 1625 151 1696 οὖν
175 1632 278 1708 νόσος
299 1630 320 1714 ή
343 1632 579 1715 κατασκήψασα
601 1633 649 1710 είς
671 1632 729 1710 τὰς
751 1641 911 1716 γυναῖκας
932 1629 987 1698 καλ
1010 1632 1028 1699 6
1047 1653 1107 1698 πο-

83 1739 149 1814 λὺς
176 1736 289 1802 αὐτῶν
315 1739 446 1824 φθόρος
470 1738 553 1822 μετὰ
576 1746 673 1804 τοῦτο
696 1740 734 1804 τὸ
757 1740 859 1826 ἔργον
880 1738 986 1817 εὐθὺς
1008 1737 1107 1805 ἐπαύ-

85 1859 181 1908 σατο.
1120 1866 1148 1906 15
1186 1867 1188 1871 ·

155 1947 305 2014 XXXXI.
341 1945 391 2014 ‘H
412 1942 443 2015 δ’
470 1947 506 2015 ἐκ
533 1955 660 2017 πολλοῦ
686 1953 811 2036 χρόνον
838 1949 1042 2036 διαμένουσα
1070 1949 1108 2017 έν

85 2063 127 2139 τῇ
151 2056 248 2120 πόλει
273 2054 400 2139 στάσις,
426 2054 469 2138 ἣν
492 2055 528 2120 oc
548 2057 688 2140 δημόται
711 2059 794 2142 πρὸς
816 2059 894 2133 τοὺς
915 2059 1107 2140 πατρικίους

87 2159 299 2244 ἐστασίαζον,
330 2157 486 2226 ἀνίστατο
517 2161 628 2226 πάλιν.
678 2161 699 2227 6
732 2157 763 2226 δ’
797 2160 971 2246 ἐξεγείρων
1001 2161 1106 2246 αὐτήν

87 2267 260 2351 δήμαρχος
287 2260 331 2349 ἦν
359 2269 511 2342 Πόπλιος
536 2264 710 2353 Βολέρων,
742 2267 760 2333 6
788 2275 833 2354 τῷ
860 2270 1012 2351 πρόσθεν
1040 2266 1106 2333 ένι-

86 2381 180 2460 αυτῷ
204 2381 275 2448 τοῖς
296 2368 373 2457 περὶ
390 2373 549 2455 Αίμίλιόν
570 2395 606 2438 τε
628 2369 684 2436 καλ
699 2369 841 2438 Ἰούλιον
860 2371 998 2450 ὑπάτοις
1015 2372 1106 2438 ἀπει-
1120 2396 1148 2435 νο

85 2480 211 2562 θήσας,
230 2473 277 2542 ὅτ’
295 2476 400 2544 αὐτὸν
413 2474 490 2544 ἀντὶ
508 2482 655 2563 λοχαγοῦ
668 2479 872 2563 στρατιώτην
885 2477 1107 2564 κατέγραφον,

26 2584 131 2650 1854οώ
161 2580 206 2648 δι’
233 2584 314 2648 ἄλλο
336 2606 369 2648 τι
391 2587 519 2668 μᾶλλον
542 2581 756 2667 ἀποδειχθεὶς
777 2583 843 2650 ὑπὸ
866 2593 933 2650 τῶν
955 2587 1106 2669 πενήτων

87 2699 151 2758 τοῦ
174 2690 285 2773 δήμου
307 2687 494 2774 προστάτης
518 2725 557 2736 -
583 2687 680 2772 γένος
702 2712 737 2754 τε
760 2689 824 2776 γάρ
847 2688 973 2756 ἐκτῶν
996 2689 1106 2756 ἐπιτυ-

87 2799 220 2882 χόντων
241 2789 285 2878 ήν
307 2792 362 2862 καλ
384 2793 613 2880 τεθραμμένος
636 2793 673 2861 ἐν
694 2800 801 2881 πολλή
825 2799 1033 2882 ταπεινότητι
1051 2795 1107 2864 καὶ
1260 2865 1261 2882 ,

88 2902 213 2990 άπορίμ
233 2938 272 2948 -
291 2899 364 2968 ἀλλ’
392 2902 443 2968 ὅτι
470 2903 532 2986 τήν
554 2900 660 2988 ἀργήν
683 2911 751 2967 τῶν
773 2901 908 2968 ὑπάτων
931 2906 1107 2988 βασιλικὸν
1120 2925 1147 2967 εσ

89 3011 235 3093 ἔχουσαν
266 3006 392 3094 ἀξίωμα
427 3005 509 3086 τέως
543 3019 673 3089 πρῶτος
708 3007 822 3087 ἔδοξεν
855 3010 990 3094 ἰδιώτης
1020 3010 1105 3094 ἀνήρ

88 3114 246 3203 ἀπειθείᾳ
268 3125 485 3199 ταπεινῶσαι,
509 3111 564 3180 καὶ
588 3116 634 3179 ἔτι
657 3119 785 3198 μᾶλλον
809 3115 865 3179 διὰ
887 3115 945 3192 τὰς
967 3115 1106 3199 ὑποσχέ-

161 3304 322 3380 4Όρνιβία
339 3306 365 3360 A
437 3312 469 3361 21
491 3305 575 3362 ότιΟ
600 3303 645 3362 ὅτε
664 3305 786 3377 Sylburg
809 3303 850 3360 δι’
872 3319 925 3374 ego
997 3311 1031 3360 22
1050 3307 1105 3362 ὑπὸ

89 3387 138 3434 τοῦ
157 3387 215 3434 τῶν
232 3378 361 3445 πενήτων
380 3376 472 3448 δήμου
489 3376 647 3449 προστάτης
666 3377 688 3432 Ο
706 3393 777 3432 corr.
797 3375 919 3446 Sylburg
986 3382 1022 3432 24
1039 3397 1107 3434 τιατ-

91 3447 270 3520 εθραμμίνος
288 3449 335 3504 Ba
405 3455 440 3504 26
460 3447 562 3519 ἔχοντα
579 3449 605 3502 Α
