2538 3884
507 196 676 248 -Θ-
1032 193 1098 260 363

71 353 287 441 Οὐεργινίου
307 355 552 441 ὑπατευόντων,
575 357 733 441 δεόμενοί
746 377 781 422 τε
799 353 855 422 καὶ
874 361 1100 443 λιπαροῦντες.

69 458 121 525 καί
151 461 190 527 oc
211 461 342 529 ὕπατοι
366 461 479 540 αὐτοῖς
502 462 754 548 συνελάμβανον
777 460 975 548 ἀμφότεροι,
1007 460 1136 546 Τιβέ-2

70 589 140 651 ριος
164 562 233 652 μὲν
254 570 416 653 Αἰμίλιος
438 570 537 634 κότον
559 569 635 633 τινα
657 570 800 634 παλαιὸν
823 569 870 644 είς
892 568 954 651 την
971 568 1099 652 βουλὴν

20 671 130 738 ιεειούκ
153 673 296 757 ἀλογον
318 671 512 760 ἀναφέρων,
540 674 591 740 ὅτι
613 684 659 763 τῷ
683 671 782 761 πατρὶ
805 673 909 738 αὐτοῦ
930 677 1100 759 θρίαμβον

71 779 268 870 αἰτουμένῳ
300 780 456 864 κατάγειν
486 780 548 846 οὐκ
577 777 771 867 ἐπέτρεψεν,
801 781 819 847 ὁ
849 774 887 844 δὲ
918 777 1101 866 Οὐαλέριος
1127 806 1141 847 τ

71 884 354 973 ἀποθεραπεῦσαι
379 895 441 953 τοῦ
470 888 579 972 δημου
600 887 662 970 τὴν
685 886 790 972 ὀργὴν
812 888 1031 970 βουλόμενος,
1057 885 1100 969 ἣν

71 987 135 1078 εἶχε
159 995 253 1078 πρὸς
279 993 383 1060 αὐτὸν
406 990 460 1058 ἐπὶ
481 1002 528 1081 τῷ
547 996 699 1079 Σπορίου
719 995 870 1058 Κασσίου
887 990 1037 1078 θανάτφ,
1060 989 1101 1056 ὃν

75 1095 278 1164 ἀπέκτεινεν
310 1099 354 1175 ὡς
383 1097 612 1185 ἐπιχειροῦντα
640 1101 790 1186 βασιλείᾳ
816 1099 933 1183 ταμίας
959 1092 1025 1162 τότ’
1053 1096 1101 1161 ὢν

75 1202 285 1290 Οὐαλέριος,
313 1205 420 1290 ἀνδρα
445 1215 512 1270 τῶν
535 1205 617 1270 κατά
640 1206 701 1289 την
724 1204 829 1288 αὐτὴν
851 1203 984 1287 ἡλικίαν
1007 1225 1101 1287 γενο-

76 1307 184 1391 μένων
218 1309 488 1396 ἐπιφανέστατον
519 1310 556 1377 ἐν
583 1311 775 1395 ἡγεμονίαις
802 1333 836 1374 τε
863 1307 1017 1392 πολέμων
1045 1306 1100 1373 καὶ
1115 1335 1141 1376 10

75 1421 268 1496 πολιτικαῖς
299 1415 474 1503 πράξεσιν,
505 1417 542 1495 ὃς
568 1415 624 1483 καί
651 1418 688 1482 τὸ
716 1415 791 1503 περὶ
818 1423 877 1500 τῆς
902 1417 1102 1500 κληρουχίας

77 1525 266 1608 πολίτευμα
296 1533 425 1610 πρῶτος
453 1526 629 1608 είσηγαγεν
658 1525 706 1600 είς
733 1523 794 1606 την
823 1523 938 1604 πόλιν,
967 1516 1023 1584 καὶ
1053 1515 1096 1583 δι’

70 1627 156 1693 αὐτὸ
181 1630 331 1713 μάλιστα
354 1630 419 1696 ὐπὸ
442 1641 510 1696 τῶν
532 1632 724 1716 πατρικίων,
748 1629 793 1704 ὡς
816 1628 922 1710 δῆμον
945 1623 1101 1710 ἀναιρού-

83 1755 178 1814 μενος
202 1738 272 1822 πρὸ
297 1735 418 1820 αὐτῶν,
441 1733 594 1820 ἐμισήθη.
631 1737 704 1801 τότε
728 1732 757 1799 δ’
783 1727 844 1800 οὐν
863 1729 1137 1817 ὑποσχομένονδ

29 1849 145 1904 ιεεατῶν
173 1841 317 1909 ὑπάταν
343 1841 455 1918 αὐτοῖς
476 1843 662 1927 προθήσειν
685 1840 722 1907 έν
745 1849 784 1926 τη
807 1843 913 1925 βουλῇ
936 1840 995 1904 τὸν
1017 1832 1101 1923 ὑπὲρ
1117 1863 1142 1906 ιο

83 1953 137 2028 τῆς
167 1949 335 2032 διανομῆς
364 1959 431 2014 τῶν
459 1949 630 2032 δημοσίων
656 1949 789 2035 κλήρων
817 1949 935 2030 λόγον,
964 1942 1019 2009 καί
1046 1951 1103 2026 τῆς

85 2049 317 2141 ἐπικυρώσεως
333 2063 395 2121 τοῦ
413 2056 520 2139 νόμου
539 2060 772 2139 συναρεῖσθαι,
791 2052 1026 2125 πιστεύσαντες
1044 2047 1101 2112 αὐ-

84 2168 151 2235 τοῖς
174 2160 212 2226 οί
234 2162 399 2246 δήμαρχοι
421 2168 574 2246 παρῆσαν
598 2155 651 2224 ἐπὶ
673 2159 735 2242 την
757 2156 885 2241 βουλὴν
907 2152 964 2221 καὶ
981 2156 1102 2236 λόγους

86 2262 266 2350 διεξῆλθον
290 2265 449 2344 ἐπιεικεῖς.
482 2257 533 2342 οἷς
555 2260 656 2331 οὐδέν
674 2259 903 2340 ἀντιλέξαντες
920 2262 955 2326 ολ
970 2260 1102 2343 ὐπατοι,

87 2369 128 2446 ὡς
153 2373 200 2457 μη
230 2375 435 2458 φιλονεικίας
458 2370 559 2450 δόξαν
582 2367 835 2452 ἀπενέγκαιντο,
861 2367 999 2451 γνώμην
1022 2362 1102 2429 ἀπο·
1116 2391 1142 2432 ιο

88 2475 287 2545 δείκνυσθαι
309 2481 387 2556 τούς
404 2477 652 2564 πρεσβυτάτους
669 2474 794 2559 ἠξίουν.
826 2469 870 2557 ἦν
889 2470 919 2538 δ’
937 2473 955 2539 ὁ
973 2481 1138 2558 πρῶτος4

88 2580 142 2647 ὑπ’
178 2587 290 2653 αὐτῶν
326 2584 463 2671 κληθεὶς
493 2584 636 2658 Λεύκιος
666 2582 822 2664 Αίμίλιος
857 2576 1004 2664 θατέρου
1035 2587 1102 2642 τῶν

90 2686 223 2759 ὑπάτων
250 2695 369 2778 πατήρ·
403 2691 440 2768 ὃς
465 2691 529 2775 έφη
558 2691 670 2754 δοκεῖν
697 2686 786 2776 αὐτῷ
812 2682 869 2751 καὶ
894 2687 1025 2750 δίκαιον
1047 2679 1103 2748 καὶ

92 2796 262 2885 συμφέρον
290 2800 427 2863 ἔσεσθαι
453 2805 493 2882 τῇ
520 2799 631 2878 πόλει,
660 2795 796 2859 πάντων
823 2787 910 2857 εἶναι
938 2792 978 2856 τδ
1005 2791 1103 2857 κοινὰ

93 2897 211 2989 καὶμὴ
235 2903 375 2987 ὀλίγον,
397 2910 442 2991 τῷ
465 2924 500 2966 τε
525 2902 618 2990 δημςο
641 2903 796 2966 πείθοντι
817 2898 1001 2984 ὑπουργεῖν
1025 2914 1104 2962 συν-
1118 2921 1144 2962 τε

160 3098 178 3146 4
202 3094 276 3168 (οὐκ
294 3095 420 3219 ἀ>λοὸον
437 3092 484 3146 Bb
539 3098 556 3148 8
578 3098 612 3216 αφ
632 3092 758 3165 βασιλεία
777 3107 800 3145 ο.
820 3090 941 3160 Sylburg
996 3093 1029 3142 13
1053 3087 1104 3141 ἀν-

95 3163 258 3284 (μὲοὐμενος
274 3165 300 3218 Α
318 3168 348 3220 et
388 3145 780 3286 asaubonusfafofipevff'ss
869 3166 904 3214 14
922 3157 992 3229 πρὸς
1010 3158 1103 3282 αὐτῶμ

96 3237 221 3368 ια”ρὸ
237 3235 708 3378 ῗέτύλμῗίῗύίύὐξὲίλιξλέθε
731 3249 747 3287 ⁰
770 3248 822 3355 Ἥ
843 3243 1103 3380 ἐβῖλῖλλῖἶῗιζ

97 3369 195 3431 Reiske
220 3383 224 3447 Ι
249 3381 448 3448 συναιρεῖσθαι
466 3376 489 3432 Ο
508 3392 578 3430 corr.
596 3375 701 3429 Reiske
775 3378 807 3429 18
830 3371 977 3444 παρῄεσαν
998 3385 1021 3425 ο.
1041 3369 1105 3424 Sm-

98 3442 166 3500 benis
184 3449 244 3506 Em.
263 3449 344 3505 Dion.
363 3449 402 3502 111
422 3453 454 3502 12
517 3452 549 3501 19
569 3443 633 3519 οὐ<ς
652 3444 758 3518 ο>ὐδὲν
779 3443 824 3498 Bb
879 3449 914 3499 20
933 3439 970 3510 μὴ
991 3457 1044 3496 om.
1058 3439 1105 3495 Ba
