2484 3876
168 161 211 224 90
592 161 753 210 -Ζ-

168 323 341 404 δημόταις,
369 317 425 384 καὶ
454 316 559 404 μηδὲν
589 304 672 386 ἔστω
702 322 739 385 τὸ
767 324 899 385 κωλῦον
926 319 1123 404 γράφεσθαι
1153 321 1191 384 τὸ

132 425 410 511 2προβούλευμα.
447 424 577 508 ἐγένετο
601 421 638 490 δὲ
660 422 716 490 καὶ
738 437 808 502 τοῖς
830 428 995 502 πλείστοις
1017 437 1086 491 τῶν
1109 442 1191 490 συν-

167 531 274 618 έδρων
297 530 453 615 ἀσμένοις
475 529 529 596 ἐπὶ
550 532 657 620 τούτω
679 529 837 614 γενέσθαι
859 540 906 619 τηδ
925 530 1109 616 ἐγκλήματι
1128 533 1191 616 τὴν

167 641 264 722 δίκην
290 631 360 703 κατ’
387 637 572 723 ἀμφότερα,
598 635 655 702 καὶ
682 637 732 704 ότι
760 637 822 703 οὐκ
849 639 939 704 ἐσται
967 639 1005 703 τὸ
1029 636 1147 722 λέγειν
1170 638 1191 704 ἀ

140 756 287 831 εφρονεῖ
305 768 356 821 τις
378 743 415 809 ἐν
437 756 507 821 τοῖς
529 743 705 830 συνέδροις
726 744 893 828 ὑπαίτιον,
915 741 971 809 καὶ
989 744 1040 809 ὅτι
1060 744 1191 832 ῥᾳδίως

166 850 365 918 ἀπολύσεται
401 853 463 935 τὴν
497 851 658 935 διαβολὴν
691 851 709 916 ὁ
742 849 827 937 ἀνὴρ
859 854 936 936 βίον
968 850 1092 935 ἐζηκὼς
1126 852 1189 916 σώ-

131 963 276 1044 3ιγρονα
307 956 364 1024 καὶ
400 957 631 1040 ἀνεπίληπτον.
681 958 842 1042 γράφεται
877 960 915 1023 τὸ
947 958 1187 1042 προβούλευμα

166 1066 246 1149 μετὰ
268 1061 365 1130 ταῦθ’
388 1060 473 1149 ὑπὲρ
491 1073 549 1148 τῆς
567 1065 672 1148 δίκης,
694 1062 749 1130 καὶ
767 1067 887 1150 χρόνος
905 1066 953 1140 είς
969 1065 1188 1146 παρασκευὴν

167 1179 224 1254 τῆς
246 1168 426 1252 ἀπολογίας
449 1170 588 1253 ὁρίζεται
605 1177 651 1257 τῷ
671 1168 771 1256 ἀνδρὶ
788 1169 883 1256 μέχρι
901 1179 959 1254 τῆς
976 1174 1090 1255 τρίτης
1108 1168 1186 1253 ἀγο-

128 1301 154 1339 10
168 1285 239 1358 ρᾶς·
264 1276 301 1340 αί
321 1273 352 1341 δ’
374 1274 493 1361 ἀγοραὶ
506 1273 677 1360 Ῥωμαίοις
694 1276 846 1360 ἐγίνοντο
865 1277 910 1354 ὡς
927 1274 982 1342 καὶ
1000 1275 1101 1381 μέχρι
1120 1287 1187 1341 τῶν

165 1381 242 1448 καθ’
269 1382 353 1467 ἡμᾶς
379 1385 510 1468 χρόνων
539 1380 584 1448 δι’
609 1382 732 1468 ἡμέρας
758 1382 883 1468 ἐνάτης.
928 1382 965 1448 ἐν
988 1378 1026 1448 δέ
1049 1383 1228 1458 ταύταιςιιι

166 1493 336 1566 συνιόντες
364 1487 401 1554 ἐκ
428 1499 495 1553 τῶν
523 1487 635 1574 ἀγρῶν
662 1490 710 1566 είς
736 1490 798 1572 τὴν
824 1491 924 1554 πόλιν
951 1488 987 1554 οί
1010 1485 1184 1572 δημοτικοὶ

165 1595 222 1671 τάς
248 1593 275 1660 τ’
304 1594 454 1679 ἀμείψεις
481 1593 655 1660 ἐποιοῦντο
685 1603 752 1660 τῶν
780 1593 892 1660 ὠνίων
918 1591 974 1659 καὶ
1004 1594 1062 1670 τάς
1092 1596 1184 1668 δίκας

165 1699 242 1784 παρ’
274 1699 429 1784 ἀλλήλων
461 1699 664 1785 ἐλάμβανον,
695 1700 735 1765 τά
767 1723 802 1766 τε
833 1700 947 1782 κοινά,
978 1700 1069 1764 όσων
1098 1695 1183 1783 ἦσαν

127 1829 157 1869 ιε
166 1805 276 1891 κύριοι
298 1807 380 1871 κατὰ
403 1809 481 1883 τοὺς
503 1809 627 1890 νόμους
649 1804 705 1872 καὶ
728 1806 790 1872 ὅσα
812 1806 832 1890 ἡ
852 1807 957 1891 βουλὴ
977 1804 1181 1892 ἐπιτρέψειεν

167 1913 290 1994 αὐτοῖς,
312 1922 428 1998 ψῆφον
451 1912 741 1997 ἀναλαμβάνοντες
764 1912 960 1995 ἐπεκύρουν·
984 1913 1042 1990 τάς
1066 1909 1105 1978 δὲ
1128 1935 1181 1996 με-

165 2017 245 2095 ταξὺ
273 2030 340 2084 τῶν
367 2017 500 2103 ἀγορῶν
523 2017 607 2099 ἑπτά
633 2017 757 2104 ἡμέρας
779 2019 962 2104 αὐτουργοί
981 2015 1008 2083 τ’
1032 2021 1129 2095 ὄντες
1151 2017 1183 2082 οί

130 2122 283 2190 4πολλοὶ
310 2122 366 2190 καὶ
393 2125 530 2211 πένητες
557 2125 594 2191 ἐν
616 2136 695 2202 τοῖς·
707 2125 822 2209 ἀγροῖς
845 2124 1022 2211 διέτριβον.
1069 2124 1178 2205 ἐπειδὴ

166 2225 204 2294 δὲ
230 2233 267 2298 τὸ
294 2234 529 2317 προβούλευμα
552 2234 673 2315 ἔλαβον
695 2233 731 2297 οί
752 2234 930 2317 δήμαρχοι,
957 2234 1179 2318 προελθόντες

125 2359 152 2421 εο
165 2338 212 2412 εἰς
239 2339 300 2422 την
324 2339 450 2425 ἀγοράν
474 2339 698 2406 συνεκάλεσαν
720 2340 768 2417 είς
789 2338 966 2423 ἐκκλησίαν
989 2341 1048 2404 τὸν
1073 2340 1177 2422 δῆμον

164 2440 219 2507 καὶ
241 2448 348 2511 πολλά
372 2445 516 2530 ἐγκώμια
539 2453 596 2529 τῆς
618 2447 741 2528 βουλῆς
760 2445 951 2521 διελθόντες
968 2441 1024 2510 καὶ
1041 2446 1082 2510 τά
1102 2445 1177 2525 δόγ·

164 2568 249 2626 ματα
280 2549 380 2634 αὐτῆς
412 2550 612 2635 ἀναγνόντες
642 2561 803 2633 προεῖπον
829 2549 971 2637 ἡμέραν,
1004 2549 1041 2617 ἐν
1068 2544 1091 2637 ᾗ
1119 2549 1176 2632 τὴν

24 2705 31 2716 .
164 2649 261 2731 δίκην
284 2655 423 2744 ἔμελλον
446 2657 623 2739 ἐπιτελεῖν,
650 2658 697 2733 είς
719 2656 761 2738 ἣν
785 2657 925 2732 ἀπαντες
947 2655 1064 2740 ἠξίουν
1086 2657 1176 2739 ἥκειν

162 2753 240 2826 τοὺς
266 2760 402 2834 πολίτας
428 2762 473 2838 ὡς
496 2759 580 2847 ὑπὲρ
601 2771 670 2826 τῶν
692 2765 855 2844 μεγίστων
879 2761 1173 2846 διαγνωσομένους.

121 2875 148 2914 ει
228 2854 367 2927 LVHII.
391 2861 446 2944 Ὡς
469 2864 506 2934 δέ
529 2868 691 2951 διεβοήθη
714 2875 827 2949 ταῦτα,
849 2869 955 2952 πολλὴ
975 2870 1104 2952 σπουδὴ
1122 2863 1224 2931 καλιαί

162 2959 349 3052 παράταξις,
369 2967 495 3052 ε’γίνετο
522 2984 590 3038 τῶν
617 2995 652 3037 τε
679 2973 866 3056 δημοτικῶν
894 2975 948 3038 καὶ
974 2985 1041 3039 τῶν
1064 2996 1172 3059 πατρι-

160 3065 256 3125 κίων·
284 3079 352 3135 τῶν
380 3073 443 3158 μὲν
466 3082 510 3160 ὡς
532 3076 810 3164 τιμωρησομένων
833 3081 892 3144 τὸν
915 3079 1170 3158 αὐθαδέστατον,

232 3258 248 3304 6
272 3250 376 3326 ἐζηκὼς
397 3272 502 3342 ACmg
526 3269 666 3342 ἐζηλωκὼς
683 3272 706 3324 Β
781 3276 813 3323 12
832 3270 942 3338 ἀγορῶν
962 3270 1038 3325 ΑΒε.
1055 3273 1167 3340 ἀγρῶν

158 3315 312 3463 {sssshnlg
342 3331 415 3391 ὀκτὼ
438 3343 544 3415 ἡμέρας
567 3359 591 3397 ο.
616 3343 798 3398 Casaubonus
874 3348 906 3396 21
936 3342 1127 3408 διεξελθόντες
1147 3357 1168 3392 ο.
