2508 3882
496 211 664 260 -H-
1022 208 1085 272 201

12 385 14 390 '
88 372 128 447 είς
147 368 264 447 αὐτούς
287 368 526 455 ἐξαμαρτόντες
548 369 662 456 εὐχαῖς
679 371 734 436 καλ
752 372 888 448 θυσίαις
906 371 965 436 τὸν
985 372 1087 455 χόλον

87 475 278 554 ἐξιλάσαντο·
307 477 340 540 εί
361 477 406 560 μή
430 476 485 560 σύ,
511 470 538 541 ὦ
561 476 706 563 Μάρκιε,
731 473 836 554 ἀξιοῖς
857 476 916 553 τὰς
938 471 999 560 μέν
1021 486 1089 540 τῶν

85 589 168 650 θεῶν
189 583 289 668 ὀργάς
310 582 439 666 θνῃτύς
460 577 558 668 εἶναι,
580 583 638 660 τὰς
656 578 694 648 δὲ
711 593 779 656 τῶν
797 581 987 668 ἀνθρώπων
1003 580 1088 648 άθα-

86 688 205 766 νάτους.
240 691 352 755 δίκαια
371 685 433 774 μέν
451 684 514 756 οὐν
532 691 681 775 ποιήσεις
698 687 754 754 καὶ
777 697 904 776 σεαυτῷ
921 685 1089 773 πρέποντα

36 792 132 862 mmai
154 803 192 880 τῃ
213 797 348 881 πατρίδι
371 795 466 881 αὐτῇ,
493 793 590 881 ἀφείς
611 795 650 860 τά
674 792 859 879 ἐγκλήματα
882 793 1088 879 μετανοούσῃ
1115 819 1131 860 ε

86 924 116 984 γε
140 898 195 966 καλ
222 898 481 988 διαλλαττομένῃ
510 899 565 968 καὶ
589 899 651 966 ὅσα
672 903 837 988 πρότερον
859 899 1011 986 ἀφείλετο
1036 897 1089 966 σολ

85 1015 141 1072 νῦν
165 1005 381 1094 ἀποδιδούσῃ.

142 1112 198 1179 LI.
241 1115 287 1179 Ελ
313 1111 344 1180 δ’
376 1113 441 1200 ἄρα
472 1114 555 1198 πρὸς
585 1111 715 1198 ἔκείνῃν
745 1111 970 1190 ἀδιαλλάκτως
997 1113 1091 1198 ἔχεις,

87 1216 151 1304 ἐμοὶ
174 1221 297 1304 ταύτην
321 1221 391 1302 δός,
414 1214 589 1299 ὦτίκνον,
610 1219 673 1304 τήν
690 1221 789 1304 τιμήν
807 1216 862 1284 καὶ
880 1219 990 1306 χάριν,
1009 1216 1086 1302 παρ’

86 1320 118 1408 ής
138 1325 180 1392 οὐ
206 1327 246 1391 τά
276 1324 451 1413 ἐλαχίστου
473 1325 548 1408 ἄξια
571 1328 655 1412 ἔχεις
677 1323 750 1392 οὐδ’
778 1320 826 1392 ὧν
849 1321 1087 1410 ἀντιποιήσαιτ’
1106 1351 1134 1390 ιο

86 1435 122 1498 άν
144 1455 192 1510 τις
213 1430 269 1500 καλ
292 1431 414 1519 ἔτερος,
436 1431 521 1498 άλλδ
543 1433 583 1498 τὰ
601 1430 738 1517 μέγιστα
759 1429 815 1498 καλ
838 1434 1015 1517 τιμιώτατα
1037 1429 1093 1497 καὶ

88 1531 130 1617 οἷς
155 1541 283 1606 ἅπαντα
309 1539 350 1605 τὰ
373 1539 473 1604 λοιπὰ
494 1535 665 1622 κέκτησαι,
690 1540 728 1603 τὸ
751 1547 846 1623 σῶμα
868 1535 923 1602 καὶ
945 1539 1006 1622 τήν
1029 1548 1093 1616 ψυ-

88 1648 151 1730 χήν.
196 1647 400 1730 δανείσματα
422 1645 485 1729 ῃδρ
510 1646 594 1729 ἔχεις
614 1641 706 1711 ταῦτ’
733 1643 807 1729 ἔμά,
835 1641 891 1709 καὶ
914 1643 976 1710 οὐκ
996 1642 1094 1730 άφαι-

11 1773 12 1832 3
88 1754 216 1837 ρήσεταί
235 1776 276 1838 με
298 1748 389 1819 ταῦτ’
413 1749 529 1828 οὐθεὶς
551 1751 628 1818 οὐτε
650 1753 751 1827 τόπος
769 1752 845 1817 οὐτε
867 1753 993 1836 καιρός,
1013 1748 1097 1817 οὐδέ

10 1835 12 1920 ἶ
89 1855 113 1940 γ’
138 1859 175 1924 αί
206 1857 431 1924 Οὐολούσκων
462 1853 544 1923 οὐδὲ
575 1867 642 1923 τῶν
674 1858 786 1922 άλλων
817 1856 1008 1944 ἀνθρώπων
1040 1857 1094 1923 εὐ·
1108 1878 1136 1920 15

88 1968 226 2051 εργεσίαι
256 1962 458 2048 συμπάντων
484 1960 539 2028 καὶ
566 1962 696 2049 χάριτες
726 1973 888 2031 τοσοῦτον
921 1963 1095 2049 ἰσχύουσιν

10 2087 11 2152 5
90 2068 155 2137 οὐδ
178 2070 224 2136 ’δν
248 2069 488 2155 οὐρανομήκεις
510 2065 688 2153 γίνωνται,
714 2069 798 2134 ὥστε
821 2069 861 2135 τά
882 2079 941 2154 τῆς
963 2069 1096 2152 φύσεως

10 2221 11 2226 1
90 2174 249 2256 ἐξαλεῖψαι
271 2173 327 2242 καλ
344 2179 527 2262 παρελθεῖν
545 2175 671 2240 δίκαια·
695 2171 768 2241 ἀλλ’
790 2173 868 2259 ἐμὸς
890 2175 1018 2240 ἅπαντα
1036 2176 1095 2241 τδν

10 2353 11 2366 ῃ
90 2285 203 2368 χρόνον
227 2284 286 2368 ἔσῃ
314 2279 369 2346 καὶ
396 2282 509 2368 πρώτῃ
535 2282 669 2348 πάντων
691 2281 749 2357 τὰς
775 2289 836 2348 τοῦ
862 2282 940 2364 βίου
962 2278 1096 2365 χάριτας

91 2389 270 2473 ὀφειλήσεις
296 2386 386 2474 ἐμοί,
417 2385 472 2453 καὶ
500 2382 548 2454 ὧν
575 2387 617 2454 δν
645 2384 769 2471 δίωμαι
797 2386 873 2472 δίχα
899 2385 1097 2471 προφάσεως
1109 2409 1138 2450 ιο

10 2489 11 2584 ]
43 2494 312 2581 ιειούτουργήσεις.
357 2504 456 2560 τοῦτο
479 2493 543 2579 γάρ
571 2493 589 2560 ὁ
616 2502 675 2578 τῆς
696 2494 829 2579 φύσεως
850 2494 952 2576 νόμος
975 2493 1132 2577 ὥρισεν2

10 2667 12 2696 ,
91 2601 184 2668 ἅπασι
213 2610 284 2678 τοϊς
312 2601 501 2686 αἰσθήσεως
526 2596 582 2666 καὶ
605 2602 708 2682 λόγου
738 2599 949 2684 μετειληφόσι
979 2599 1016 2664 τὸ
1046 2598 1097 2662 δί-

10 2697 12 2770 }
91 2729 192 2790 καιον,
215 2700 242 2796 ᾧ
260 2706 473 2790 πιστεύουσα,
490 2705 624 2791 Μάρκιε
642 2704 772 2789 τέκνον,
789 2702 879 2786 κάνδι
899 2701 1019 2788 δέομαί
1035 2721 1097 2771 σου

93 2814 130 2897 μή
153 2813 287 2897 ἐπάγειν
308 2815 456 2898 πόλεμον
479 2821 518 2898 τῃ
540 2813 686 2897 πατρίδι,
709 2808 764 2877 καὶ
787 2810 942 2896 ἐμποδὼν
964 2811 1102 2896 ἵσταμαί

94 2935 141 2984 σοι
169 2916 362 3007 βιαζομένῳ.
414 2917 435 3002 ή
466 2915 630 3004 προτέραν
660 2911 722 2983 οὐν
752 2912 808 3002 ἔμέ
837 2917 898 3000 τήν
928 2915 1098 2982 ἔναντιου-
1112 2937 1140 2977 ω

94 3023 190 3110 μίνῃν
217 3040 271 3092 σοι
299 3022 422 3110 μῃτέρα
451 3035 522 3100 ταῖς
554 3023 683 3109 ἔρινύσι
714 3023 971 3108 προθυσάμενος
992 3023 1099 3093 ,αύτο-

145 3162 174 3235 '1
202 3175 442 3251 ἐξαμαρτάνοντες
470 3179 493 3235 0
520 3197 588 3236 corr.
617 3180 718 3236 Portus
835 3183 852 3232 5
875 3180 894 3233 ἀ
919 3178 959 3240 ελς
980 3179 1051 3248 αὐτῇ
1075 3193 1098 3232 ο.

95 3249 230 3321 Κὶοεελλως
245 3255 250 3324 Ι
266 3250 441 3324 μετανοούσῃ
455 3270 485 3306 τε
499 3251 549 3305 καλ
566 3267 590 3307 ο.
608 3249 753 3320 Kiessling
831 3255 863 3304 12
882 3199 1057 3372 ξῦκτῃσαι
1075 3247 1100 3302 Β

97 3326 127 3376 14
140 3320 367 3378 οὐδέ-οὐδλΟ
423 3328 457 3378 15
472 3319 505 3377 αλ
517 3338 571 3376 om.
585 3321 715 3377 hocloco
731 3321 754 3377 O
772 3323 885 3391 praesser
923 3318 1000 3384 ‚aed
1017 3335 1101 3388 prae-

96 3390 160 3446 bent
175 3412 200 3450 v.
218 3399 252 3449 16
271 3391 305 3449 αλ
321 3395 478 3464 εὐεργεσίαι
502 3397 507 3456 Ι
532 3392 598 3448 οὐδὲ
617 3392 671 3462 γὰρ
690 3389 724 3446 αλ
739 3410 762 3448 ο.
782 3389 905 3446 Reudler
927 3388 1016 3444 Τίτου.
1035 3408 1062 3458 p.
1082 3395 1099 3443 2

99 3467 128 3515 19
145 3463 191 3527 τδις
207 3481 261 3521 om.
280 3469 304 3519 A
377 3472 412 3520 20
430 3483 477 3533 μοι
497 3463 519 3518 Ο
539 3459 601 3534 ἐμοὶ
619 3461 762 3531 Kiessling
