2538 3884
146 198 212 263 340
568 193 737 248 -Θ-

143 354 304 444 Ἀθήνησι
332 355 362 422 δ’
390 359 551 444 άρχοντος
574 359 738 441 Χάρητος,
766 355 926 424 ἐπίπονον
952 345 1082 444 σφόδρα
1103 355 1172 424 καὶ

146 466 320 552 ταραχώδη
344 466 405 549 τήν
428 463 535 550 ἀρχήν
558 462 758 548 διετέλεσαν,
780 465 917 548 εἰρήνην
940 461 1002 548 pbr
1024 467 1174 548 ἄγοντες

148 572 212 639 άπὸ
234 583 303 638 τῶν
325 569 451 649 ἔξωθεν
473 566 628 654 πολέμων
646 605 690 616 ·-
709 568 748 635 ίν
768 569 890 658 ἡσυχίᾳ
907 571 972 656 γὰρ
995 567 1038 654 ἦν
1056 573 1174 638 πάντα

148 682 187 746 τά
215 679 361 764 διάφορα
386 713 424 726 --
449 675 515 742 ὑπὸ
543 671 581 740 δέ
603 686 671 740 τῶν
693 673 731 740 έν
753 683 792 760 τῇ
815 679 911 743 πόλει
934 678 1083 744 στάσεων
1105 679 1174 744 αύ-

122 789 203 853 ετοί
227 783 255 851 τ’
284 787 330 861 είς
357 784 538 859 κινδύνους
564 780 723 868 ἀχθέντες
748 780 804 847 καὶ
830 783 894 866 τήν
918 786 1018 850 πάλιν
1047 785 1171 870 ὀλίγου

149 894 326 975 δεήσαντες
343 888 511 956 ἀπολέσαι.
544 889 588 966 ὡς
601 890 664 974 γὰρ
679 887 888 954 ἀνεπαύσατο
902 901 969 955 τῶν
984 904 1172 976 στρατειῶν

148 1002 186 1065 τὸ
209 1003 355 1082 πλῆθος,
383 994 436 1062 ἐπὶ
459 997 521 1080 τήν
545 996 710 1079 διανομήν
733 995 839 1071 εὐθὺς
861 996 992 1082 ὥρμησε
1015 1009 1085 1062 τῶν
1109 1001 1172 1084 δη-

115 1107 278 1192 2μοσίων
301 1103 421 1188 ἀγρῶν.
463 1097 506 1185 ήν
529 1100 593 1185 γάρ
614 1123 665 1177 τις
688 1099 725 1166 έν
747 1112 817 1178 τοῖς
835 1102 1016 1188 δημάρχοις
1035 1109 1171 1190 θρασύς

149 1209 206 1276 καλ
234 1207 344 1292 λέγειν
374 1207 436 1274 οὑκ
465 1207 629 1285 ἀδύνατος
655 1206 757 1293 ἀνήρ,
789 1211 910 1286 statos
937 1211 1112 1296 Γενύκιος,
1145 1213 1252 1280 ‹51845

111 1343 136 1382 ιο
149 1318 358 1403 παραθήγων
380 1316 438 1391 τάς
460 1313 561 1399 ὀργάς
583 1324 650 1379 τῶν
672 1317 833 1398 πενήτων.
874 1315 971 1392 οὑτος
994 1317 1168 1402 ἐκκλησίας

151 1422 307 1506 συνάγων
344 1419 496 1487 ἑκάστοτε
532 1417 588 1486 καὶ
625 1419 869 1505 ἐκδημαγωγῶν
905 1426 984 1500 τοὺς
1019 1424 1170 1510 ἀκύρους

151 1529 405 1618 προσηνάγκαζε
420 1531 499 1605 τοὺς
519 1528 666 1604 ὑπάτους
687 1528 728 1592 τὰ
750 1527 816 1593 ὑπὸ
839 1536 896 1612 της
917 1533 1044 1616 βουλῆς
1066 1543 1171 1616 ψηφι-

152 1635 278 1702 σθέντα
309 1633 385 1720 περὶ
417 1643 475 1718 τής
506 1636 706 1719 κληρουχίας
739 1639 920 1702 συντελεῖν.
971 1639 1008 1701 ολ
1037 1635 1071 1701 δ’
1107 1639 1169 1723 οὑχ

151 1742 326 1824 ὑπήκουον
348 1741 390 1807 οὐ
412 1749 451 1825 τῇ
476 1737 605 1805 ἑαυτῶν
627 1739 710 1825 ἀρχή
729 1738 883 1822 λέγοντες
900 1741 1113 1828 ἐπιτετάχθαι
1132 1749 1170 1810 τὸ

113 1872 139 1913 15
153 1849 253 1933 ἔργον
280 1846 346 1912 ὑπὸ
374 1855 431 1930 τῆς
458 1849 599 1930 βουλῆς,
624 1845 709 1912 ἀλλὰ
736 1857 805 1924 τοϊς
831 1848 913 1931 μετὰ
935 1850 1089 1916 Κάσσιον
1113 1850 1169 1916 καί

154 1952 355 2038 Οὐεργίνιον
386 1951 540 2035 ὑπάτοις,
570 1954 653 2038 πρὸς
685 1951 745 2028 οὑς
774 1951 831 2018 καὶ
861 1956 899 2020 τὸ
930 1957 1171 2041 προβούλευμα

153 2060 294 2146 ἐγράφη·
317 2057 374 2125 καὶ
397 2058 463 2144 ἅμα
486 2055 558 2124 οὐδ’
586 2054 672 2124 εἶναι
693 2062 821 2144 νόμους
842 2061 889 2136 είς
911 2059 964 2126 ἀεὶ
985 2066 1128 2146 κυρίους
1148 2064 1170 2128 ἃ
1267 2091 1268 2158 η

152 2171 327 2254 ψηφίζεται
346 2169 385 2232 τὸ
404 2164 594 2249 συνέδριον,
617 2164 701 2231 ἀλλά
719 2168 939 2251 πολιτεύματα
957 2180 1084 2252 καιρῶν
1103 2169 1172 2236 ένι-
1267 2162 1268 2173 ’

119 2276 273 2346 3αύσιον
292 2276 409 2358 ἔχοντα
428 2274 533 2356 ἰσχύν.
565 2273 684 2349 ταύτας
701 2272 983 2357 προβαλλομένων
999 2286 1068 2340 τῶν
1086 2276 1173 2341 ὑπά-
1266 2353 1267 2371 ¹

113 2405 140 2447 εο
153 2407 221 2449 των
243 2382 301 2458 τάς
323 2382 429 2456 αίτίας
451 2378 615 2455 ἀδύνατος
638 2379 686 2442 ὢν
709 2379 727 2444 ὁ
747 2381 905 2457 Γενύκιος
927 2380 1051 2458 αύτούς
1068 2381 1173 2466 ἀναγ-
1266 2375 1267 2435 λ

153 2489 251 2554 κάσαι
274 2490 407 2572 μειῖονα
431 2484 584 2563 ἐξουσίαν
608 2486 742 2569 ἔχοντας
762 2487 881 2570 ἰταμὴν
899 2487 982 2553 ὁδὸν
1001 2486 1171 2573 ἐτράπετο.

153 2607 223 2672 τοϊς
252 2596 316 2679 γάρ
345 2593 548 2659 ὑπατεύσασι
576 2593 614 2656 τὸ
644 2592 835 2677 ἔμπροσθεν
861 2595 933 2670 ἔτος
959 2597 1106 2685 Μαλλίῳ
1136 2621 1171 2661 τε
1265 2625 1266 2696 η

154 2699 210 2765 καὶ
236 2703 369 2788 Λευκίῳ
399 2701 496 2782 δίκην
526 2696 685 2782 ἐπήνεγκε
712 2697 892 2782 δημοσίαν,
924 2698 980 2766 καὶ
1007 2714 1187 2787 προεῖπεν·

155 2808 248 2890 ήκειν
267 2803 319 2870 έπλ
337 2806 397 2870 τὸν
415 2805 523 2888 δῆμον
541 2801 862 2888 ἀπολογησομένους,
882 2805 998 2888 ὁρίσας
1012 2809 1242 2894 άντικρυςιεεο

116 2933 142 2975 τε
155 2913 217 2997 τήν
247 2912 356 2976 αἰτίαν
385 2920 442 2995 της
472 2912 579 2993 δίκης,
609 2909 661 2974 ὅτι
688 2911 749 2975 τὸν
775 2911 881 2994 δῆμον
909 2910 1086 2980 ἀδικοῦσιν
1111 2916 1173 2981 οὐκ
1264 2907 1265 2959 λ

156 3015 386 3097 ἀποδείξαντες
404 3019 481 3092 τοὺς
499 3017 579 3082 δέκα
592 3016 727 3102 ἄνδρας,
746 3015 806 3092 οὓς
820 3015 1003 3101 ἐψηφίσατο
1018 3019 1040 3102 ή
1053 3022 1172 3105 βουλή,

229 3255 295 3304 θττ
332 3253 400 3301 τεῶν
417 3243 470 3297 AB
551 3242 730 3299 aaaddss
814 3248 846 3298 10
865 3239 1014 3312 ἐκκλησίαν
1033 3247 1059 3300 Α
1142 3255 1172 3304 13

158 3322 209 3390 οὑχ
230 3337 283 3374 om.
419 3322 451 3370 14
473 3312 611 3384 τετάχθαι
628 3316 654 3368 Δ
744 3318 778 3369 16
801 3315 866 3385 περὶ
883 3315 1008 3372 Κάσσιον
1027 3335 1051 3372 ο,
1071 3318 1173 3375 Portus

160 3397 192 3445 16
211 3390 260 3444 καλ
279 3406 332 3444 om.
347 3389 394 3442 Ba
466 3392 499 3441 17
519 3385 576 3441 αἰεὶ
594 3385 641 3439 Ba
715 3390 747 3440 18
765 3386 866 3456 καιρὸν
885 3381 1029 3444 ἐνιαύσιον
1049 3387 1073 3443 0
1092 3408 1174 3462 prae·

158 3459 242 3511 terB
315 3464 348 3511 21
367 3457 512 3530 <έτ>αμήν
531 3457 577 3512 Bb
650 3463 683 3512 22
703 3458 805 3528 Μαλίῳ
823 3456 870 3510 Bb
