2538 3884
156 174 221 238 318
579 177 745 228 -Θ-

155 337 278 418 τροπάς
295 333 471 414 Σεξτιλίου
492 339 596 422 μηνὸς
614 335 911 421 παραλαμβάνουσι
930 335 992 418 τὴν
1010 333 1184 398 ὑπατείαν

155 443 276 528 άνδρες
303 445 452 528 ἔμπειροι
474 441 630 528 πολέμων
652 443 815 527 Σερούιός
836 465 872 506 τε
894 443 1096 524 Σερουίλιος
1121 437 1183 504 καί

155 542 268 625 Αὖλος
292 549 502 634 Οὐεργίνιος,
530 541 581 626 οίς
605 548 624 615 ό
647 550 730 635 πρὸς
752 550 830 625 τοὺς
857 549 1053 634 Τυρρηνοὺς
1075 548 1184 611 πόλε-

156 678 218 739 μος
252 657 359 722 καίτοι
391 654 492 740 μέγας
523 652 579 720 καὶ
610 657 751 741 χαλεπὸς
782 655 830 719 ὢν
861 656 984 739 χρυσὸς
1016 651 1181 737 ἐφαίνετο

129 762 244 847 επαρά
273 763 332 826 τὸν
362 760 455 837 ἐντὸς
483 763 612 846 τείχους
641 759 876 844 ἐξεταζόμενος.
926 757 1078 844 ἀσπόρου
1109 758 1179 842 γὰρ

155 877 214 952 τῆς
239 869 349 952 χώρας
375 866 412 932 ἐν
435 875 480 955 τῷ
503 869 707 948 παρελθόντι
730 876 867 951 χειμῶνι
890 866 947 930 διὰ
969 865 1028 930 τὸν
1052 862 1180 929 ἐπιτει-

155 975 276 1058 χισμὸν
301 982 363 1039 τοῦ
389 975 531 1055 πλησίον
556 974 656 1057 όρους
678 969 734 1036 καὶ
756 973 815 1050 τάς
837 981 987 1056 συνεχεῖς
1008 971 1180 1055 καταδρο-

155 1079 218 1163 μάς
239 1077 430 1162 γενομένης,
452 1075 507 1142 καί
530 1073 610 1143 οὐδὲ
632 1087 699 1142 τῶν
725 1077 879 1164 ἐμπόρων
900 1079 947 1142 ἔτι
965 1078 1024 1154 τὰς
1043 1075 1180 1154 ἔξωθεν

156 1181 397 1266 ἐπεισαγόντων
420 1180 544 1266 ἀγοράς
566 1181 686 1258 σπάνις
709 1184 829 1269 ίσχυρά
852 1185 945 1247 σίτου
963 1182 1025 1265 τὴν
1040 1177 1180 1265 Ῥώμην

49 1311 52 1320 ·
117 1314 143 1354 10
155 1288 291 1377 κατέσχε
318 1291 442 1374 μεστὴν
470 1283 575 1355 οὖσαν
603 1291 704 1374 όχλου
732 1298 792 1355 τοῦ
819 1312 854 1354 τε
881 1289 1089 1372 κατοικιδίου
1118 1287 1178 1354 καί

120 1404 217 1467 θεοῦ
244 1399 507 1483 συνερρυηκότος
533 1394 570 1461 ἐκ
596 1405 664 1461 τῶν
691 1394 813 1482 ἀγρῶν.
858 1405 925 1460 τῶν
953 1391 1015 1478 μὲν
1041 1396 1108 1480 γὰρ
1139 1394 1179 1460 ἐν

155 1505 221 1590 ἥβη
247 1509 392 1570 πολιτῶν
419 1498 502 1589 ὑπὲρ
530 1503 588 1579 τάς
610 1501 728 1568 ἕνδεκα
751 1502 915 1587 μυριάδας
936 1496 1039 1584 ἦσαν,
1066 1502 1114 1576 ὡς
1139 1500 1244 1568 έκιοιι

155 1619 214 1694 τῆς
231 1612 365 1693 ἔγγιστα
382 1610 545 1693 τιμήσεως
563 1606 698 1693 εὑρέθη,
721 1618 890 1692 γυναικῶν
909 1603 947 1671 δὲ
965 1603 1020 1670 καὶ
1039 1607 1178 1671 παίδων

123 1760 127 1766 -
156 1712 210 1780 καί
237 1723 295 1798 τῆς
321 1715 484 1796 οίκετικῆς
511 1717 692 1800 θεραπείας
719 1713 874 1800 ἐμπόρων
896 1735 931 1776 τε
958 1710 1014 1777 καὶ
1038 1711 1141 1798 έργᾱζ
1163 1753 1177 1761 ·
1255 1795 1256 1814 ρ

118 1842 142 1882 15
158 1817 267 1904 μένων
289 1820 348 1895 τάς
370 1821 561 1902 βαναύσους
582 1819 699 1905 τέχνας
721 1823 883 1905 μετοίκων
904 1855 941 1864 -
968 1816 1084 1883 οὐδενί
1107 1819 1176 1900 γάρ
1255 1815 1256 1844 λ

157 1922 234 2008 ἐξῆν
256 1921 425 2009 Ῥωμαίων
457 1925 533 1990 οὔτε
565 1925 715 2010 κάπηλον
746 1926 823 1991 οὔτε
852 1922 1064 2010 χειροτέχνην
1094 1927 1175 2008 βίον

156 2034 243 2116 έχειν
260 2030 376 2095 -οὐκ
399 2033 535 2097 ἔλαττον
558 2031 579 2115 ἢ
601 2031 796 2117 τριπλάσιον
819 2041 880 2097 τοῦ
897 2035 1071 2096 πολιτικοῦ
1089 2033 1176 2113 πλή-

155 2144 253 2215 θους·
273 2137 331 2214 οὓς
348 2136 409 2203 οὐκ
427 2131 471 2220 ἦν
488 2140 797 2222 παραμυθήσασθαι
811 2133 931 2224 ῥᾴδιον
945 2134 1175 2219 ἀγανακτοῦν-

155 2265 213 2320 τας
242 2240 295 2308 έπλ
324 2251 369 2330 τῷ
399 2242 502 2308 πάθει
530 2241 585 2307 καί
613 2240 853 2328 συντρέχοντας
880 2244 927 2318 είς
954 2243 1015 2325 τὴν
1043 2239 1175 2326 ἀγορὰν

117 2366 143 2406 20
156 2345 211 2413 καὶ
238 2352 468 2433 καταβοῶντας
496 2360 562 2413 τῶν
586 2347 623 2414 έν
645 2359 715 2425 τοϊς
736 2347 880 2432 τέλεσιν,
908 2347 964 2413 ἐπί
983 2370 1019 2411 τε
1041 2347 1100 2424 τὰς
1123 2349 1175 2412 οί-
1254 2387 1255 2446 ρ

156 2455 230 2529 κίας
248 2464 315 2520 τῶν
332 2457 503 2521 πλουσίων
517 2455 599 2519 κατὰ
617 2459 747 2538 πλῆθος
761 2453 989 2539 ὠθουμένους,
1006 2449 1061 2517 καὶ
1077 2453 1175 2538 διαρ-

156 2557 269 2634 πάζειν
287 2559 534 2646 ἐπιχειροῦντας
551 2561 629 2646 άτερ
648 2559 736 2644 ὠνῆς
753 2561 811 2636 τός
824 2556 1042 2643 ἀποκειμένας
1054 2558 1175 2636 αὐτοῖς

122 2661 290 2744 3τροφάς.
327 2667 362 2729 οί
383 2662 421 2731 δὲ
444 2667 607 2752 δημαρχοι
630 2665 831 2748 συνάγοντες
850 2665 971 2741 αὐτοὺς
988 2665 1035 2742 είς
1052 2664 1174 2748 ἐκκλη-

156 2765 233 2828 σίαν
256 2767 311 2832 καί
334 2782 594 2857 κατηγοροῦντες
616 2783 683 2838 τῶν
705 2773 887 2857 πατρικίων
910 2771 955 2848 ὡς
977 2771 1047 2835 αίεί
1060 2793 1092 2834 τι
1112 2793 1173 2834 κα-

30 3045 34 3058 ,
227 2993 411 3062 θσεκτηλίου
431 2999 455 3050 A
479 2991 599 3051 έκτιλίον
623 2997 670 3051 Ba
692 2997 890 3069 σεκοτκλι>ου
909 2997 956 3052 Bb
1064 2996 1174 3058 θεοὺς
1253 3037 1254 3042 ¹

155 3069 209 3110 om.
229 3057 251 3110 B
306 3069 324 3116 4
341 3066 442 3136 χρυσὸς
459 3067 505 3121 Ba
523 3067 639 3138 χρηστός
657 3068 682 3121 R
701 3068 735 3123 cf.
750 3066 839 3122 Cobet
854 3067 957 3122 Variae
976 3067 1054 3122 Ιιοοτ.
1072 3084 1100 3136 p.
1116 3073 1172 3121 236

155 3123 221 3182 Obs.
262 3137 316 3186 ,31
390 3137 497 3209 όπρός
515 3153 537 3193 ο.
556 3137 660 3192 Roiske
679 3138 757 3207 παρὰ
775 3147 830 3192 των
849 3141 874 3192 Α
946 3135 1023 3192 δέτι
1040 3140 1065 3192 Α
1083 3134 1128 3192 ὅτι
1147 3137 1172 3189 Β

157 3198 190 3247 14
207 3146 259 3253 καί
274 3211 330 3261 τῶν
350 3203 540 3280 ἐργαζομένων
560 3208 583 3263 O
601 3208 755 3278 praeterB
828 3214 862 3264 15
881 3206 1063 3282 οόδε<νλ>Β
1136 3215 1171 3262 17

154 3267 264 3333 amoq
282 3290 306 3330 0.
325 3277 455 3336 Hertlein
472 3279 589 3334 Hermes
608 3278 633 3332 X
651 3285 704 3334 418
770 3285 802 3334 18
821 3275 925 3354 ῥαδίως
943 3277 996 3331 ΑΒ
1060 3283 1095 3332 20
1114 3287 1172 3332 τῶν

153 3325 276 3463 {styga
294 3362 317 3400 ο.
337 3350 461 3407 Reudler
481 3351 572 3407 Τίτου.
592 3349 653 3407 crit.
672 3367 700 3419 p.
720 3355 754 3403 60
842 3333 878 3404 ‘23
904 3351 1001 3412 αὐτοῖς
1019 3350 1045 3402 A
1069 3343 1101 3402 ἐν
1120 3351 1173 3403 αό-
