2484 3876
487 193 653 243 ..Η,.

76 354 182 416 τόντε
203 352 348 436 πόλεμον
372 351 412 416 οὐ
435 353 551 419 κοινὸν
574 353 712 436 ἅπασιν,
740 352 824 418 άλλά
847 355 941 437 σφίσι
963 355 1080 438 μόνοις

76 456 246 540 ἐπάγεσθαι
269 456 518 543 σκηπτομένων·
541 456 596 525 καλ
617 453 660 542 ἢν
678 459 715 524 τὸ
734 458 1001 544 κακοηθέστατον
1018 467 1080 526 τοῦ

75 564 172 648 δήμου
194 562 293 650 μέρος
316 565 384 649 ἅμα
405 566 546 644 τούτοις.
582 567 734 652 στρατιὰς
757 561 794 631 δέ
815 566 1039 651 καταγράφειν
1059 565 1080 650 ἢ

74 673 177 734 καλεῖν
195 671 274 746 τοὺς
293 670 487 756 συμμάχους
505 671 525 756 ἢ
542 671 859 752 παρασκευάσασθαι
877 673 917 738 τδι
933 673 1080 738 κατεπεί-

74 799 165 858 γοντα
188 776 244 841 διὰ
267 776 308 840 τδι
330 777 413 862 πρὸς
435 776 600 861 ἀλλήλους
622 779 704 862 ἐχθη
726 775 781 843 καὶ
804 779 863 856 τὰς
880 776 917 848 ἐν
935 789 1007 855 ταῖς
1028 777 1078 842 ἐκ·
1107 802 1121 843 ε

73 883 213 965 κλησίαις
235 885 434 967 κατηγορίας
456 881 528 948 οὐδ’
552 885 600 962 είς
621 893 706 949 νοῦν
729 881 927 970 ἐλάμβανον.

128 987 201 1052 XV.
237 991 343 1053 Τοῦτο
365 991 614 1073 καταμαθόντες
635 989 671 1055 οἰ
685 990 906 1076 πρεσβύτατοι
924 999 991 1054 τῶν
1004 985 1078 1054 Ῥω-

74 1098 166 1177 μαίων
187 1093 436 1180 συστραφέντες
453 1096 591 1161 ἐπειθον
611 1096 680 1180 ἰδίᾳ
698 1118 732 1160 τε
751 1093 806 1161 καὶ
825 1094 862 1161 ἐν
880 1105 982 1184 κοινῷ
1001 1099 1080 1174 τοὺς

73 1201 366 1278 στασιωδεστάτους
375 1211 442 1266 τῶν
452 1203 639 1286 δημοτικῶν
652 1202 846 1269 παύσασθαι
861 1213 927 1270 τῶν
941 1204 988 1280 είς
1001 1207 1080 1281 τοὺς

72 1310 257 1394 πατρικίους
285 1307 440 1386 ὑποψιῶν
469 1330 504 1372 τε
532 1304 587 1372 καὶ
614 1319 834 1395 κατηγοριῶν·
865 1308 1079 1388 διδάσκοντες
1094 1335 1119 1376 ιο

73 1413 132 1496 [ὡς]
153 1415 186 1478 εί
205 1410 252 1478 δι’
270 1410 343 1490 ἑνὸς
361 1412 485 1499 ἀνδρὸς
503 1411 686 1499 ἐπιφανοῦς
703 1416 816 1499 φυγὴν
834 1424 992 1492 τοσοῦτος
1009 1420 1079 1482 κίν-

71 1521 162 1596 δυνος
180 1516 318 1603 κατέσχε
337 1519 397 1602 τὴν
415 1521 527 1603 πόλιν,
549 1523 585 1585 τί
599 1521 662 1607 χρὴ
679 1519 882 1607 προσδοκᾶν,
900 1519 960 1588 ἐὰν
979 1520 1078 1605 ἀναγ-

70 1633 236 1692 κασθῶσιν
264 1625 299 1690 ολ
318 1623 435 1691 πολλοὶ
458 1635 525 1691 τῶν
547 1629 730 1712 πατρικίων
752 1625 1080 1712 προπηλακισθέντες

70 1732 126 1798 ὑπὸ
153 1741 216 1797 τοῦ
246 1731 353 1816 δήμου
379 1731 479 1798 ταύτὸ
507 1742 686 1819 φρονῆσαι·
717 1730 772 1798 καὶ
798 1732 958 1819 κατέσχον
985 1729 1078 1800 οὗτοι

70 1839 125 1921 την
145 1837 309 1922 ἀκοσμίαν
331 1848 391 1904 τοῦ
413 1839 574 1922 πλήθους.
618 1837 833 1924 παυσαμένου
857 1835 893 1904 δέ
916 1850 976 1907 τοῦ
998 1811 1118 1926 πολ-,25

70 1949 126 2010 λοῦ
150 1945 306 2028 θορύβου
333 1949 545 2010 συνελθοῦσα
571 1945 591 2028 ἡ
619 1947 724 2030 βουλὴ
752 1955 821 2022 τοῖς
847 1941 908 2033 μὲν
930 1946 995 2012 ἀπὸ
1018 1957 1078 2014 τοῦ

26 2059 179 2117 αεικοινοῦ
203 2061 271 2115 τῶν
293 2054 449 2116 Λατίνων
472 2059 616 2137 παροῦσι
637 2056 853 2137 πρεσβευταῖς
875 2051 928 2119 ἐπὶ
952 2070 1079 2139 συμμα-

70 2161 135 2242 χίας
162 2163 295 2241 αἴτησιν
320 2155 534 2244 ἀπεκρίνατο,
561 2159 606 2242 μη
630 2154 750 2246 ῥᾴδιον
772 2154 858 2224 εἶναι
882 2163 977 2244 σφίσι
999 2163 1079 2243 βοή-

69 2269 160 2330 θειαυ
190 2261 403 2330 ἀποστέλλειν
430 2265 511 2330 κατα
538 2266 575 2330 τὸ
603 2267 723 2349 παρόν·
751 2264 863 2342 αὐτοῖς
886 2263 915 2330 δ’
940 2264 1078 2342 ἐκείνοις

72 2368 249 2455 ἐπιτρέπειν
272 2371 333 2454 τὴν
356 2368 483 2436 ἑαυτῶν
507 2372 663 2456 στρατιὰν
685 2372 908 2458 καταγράφειν
929 2368 985 2436 καὶ
1002 2370 1076 2453 ἡγε-
1091 2398 1117 2437 εο

71 2477 166 2558 μόνας
190 2485 250 2561 τῆς
277 2477 449 2562 δυνάμεως
475 2479 582 2556 ἰδίους
604 2476 779 2563 ἐκπέμπειν
802 2501 853 2562 τε,
880 2478 960 2544 ὅταν
983 2476 1077 2542 αὐτοὶ

70 2580 253 2667 ἐκπέμψωσι
290 2585 442 2670 δύναμιν.
502 2583 538 2650 ἐν
575 2586 637 2669 γάρ
674 2596 746 2661 ταῖς
782 2586 984 2668 συνθήκαις,
1025 2576 1077 2662 αἷς

71 2686 262 2774 ἐποιήσαντο
292 2692 373 2777 πρὸς
403 2690 525 2767 αὐτοὺς
553 2688 629 2776 περὶ
660 2694 787 2775 φιλίας,
818 2689 1006 2777 ἀπόρρητον
1033 2686 1076 2776 ἦν

71 2796 190 2861 τούτων
214 2793 377 2883 ἑκάτερον.
422 2808 492 2873 τοϊς
515 2793 547 2861 δ’
569 2796 707 2874 ὑπάτοις
730 2795 856 2882 ἐφῆκαν
879 2802 1019 2884 στρατόν
1041 2801 1110 2865 τε3

125 3031 149 3079 ’3
176 3025 323 3094 στρατείας
344 3024 419 3078 ΑΒιι
444 3025 573 3096 στρατιὰς
596 3025 642 3079 Bb
719 3032 736 3080 4
761 3025 1028 3081 κατασκευάσασθαι
1051 3025 1074 3081 Ο

71 3095 337 3164 παρασκευάσασθαι
354 3094 498 3166 KIessling
516 3096 550 3152 of.
564 3096 631 3150 VIII
650 3101 692 3164 11,
712 3102 726 3149 1
783 3103 798 3151 7
817 3106 872 3152 τῶν
890 3114 944 3151 om.
963 3097 986 3150 B
1042 3101 1073 3149 11

72 3164 103 3226 ὡς
124 3167 176 3222 del.
196 3167 319 3235 Sylburg
390 3173 424 3221 14
447 3164 536 3239 οὗτοι]
561 3166 632 3221 οῦτω
656 3184 678 3222 c.
698 3167 826 3222 Hertlein
842 3168 959 3222 Hermes
978 3166 1004 3218 X
1022 3173 1073 3218 417

72 3241 99 3288 θ1
133 3239 148 3272 *
172 3217 263 3300 ίδίονς
294 3235 446 3307 ἐκπέμπειν
477 3258 507 3293 τε
540 3237 608 3307 ὅσην
639 3239 707 3310 (σην
739 3239 770 3293 in
801 3256 855 3295 ras.
887 3238 921 3307 B)
954 3235 990 3290 ἂν
1021 3235 1074 3288 ΑΒ

73 3303 154 3371 ἰδίους
180 3310 330 3376 ἀποδεῖξαι
358 3309 409 3372 ἕως
436 3309 493 3376 <vel
515 3307 593 3380 τέως)
621 3327 644 3365 ο.
667 3309 810 3379 Kiessling
837 3308 855 3362 λ.
885 3303 906 3360 έ.
933 3325 977 3373 τε,
1006 3303 1074 3359 ὅταν

73 3393 120 3447 ego
142 3381 176 3438 cf.
188 3380 299 3464 IIayser
315 3382 388 3436 Ann.
405 3380 476 3452 phil.
497 3385 565 3436 1868
584 3399 610 3449 p.
631 3385 683 3437 816
751 3386 784 3434 22
805 3375 967 3447 ἐκπέμψωσι
985 3376 1006 3431 O
1025 3377 1075 3430 δῦ,

72 3467 168 3506 νωνται
185 3469 217 3506 111
233 3469 298 3522 mge
