2484 3876
567 187 735 237 -11-
1235 184 1236 276 ρ

145 345 237 433 λέγῃ,
261 350 365 434 φαίνῃ
388 371 445 432 μοι
467 347 507 412 τά
529 349 705 412 κοινότατα
728 344 784 412 καὶ
806 347 873 413 ὑπὸ
896 349 1042 432 μηδενὸς
1063 348 1167 433 άγνο·

144 453 270 537 οάμενα
291 455 393 537 μόνος
416 452 565 536 ἀγνοεῖν·
589 453 640 519 ὅτι
662 454 700 519 τὸ
718 457 835 538 φίλιον
857 454 878 538 ἣ
901 452 1065 539 πολέμιον
1089 452 1162 521 οὔτ’
1236 478 1237 548 γ

144 560 252 638 ὄψεως
273 559 374 645 ὁρίζει
395 559 561 645 χαρακτὴρ
584 555 654 624 οὔτ’
678 559 841 643 ὀνόματος
857 558 965 643 θέσις,
989 559 1075 626 ἀλλὰ
1093 572 1166 638 ταῖς

142 669 268 750 χρείαις
303 662 359 731 καὶ
390 676 459 742 τοῖς
495 667 605 749 ἔργοις
641 665 800 748 δηλοῦται
831 666 961 731 τούτων
994 662 1165 753 ἑκάτερον,

116 769 308 856 εφιλοῦμέν
336 793 371 837 τε
402 770 523 848 πάντες
553 772 594 836 τά
622 772 816 857 ὠφελοῦντα
842 769 898 836 καὶ
930 781 1097 856 μισοῦμεν
1122 774 1165 838 τά
1237 771 1238 837 λ

143 877 342 963 βλάπτοντα,
364 876 427 943 οὐκ
449 876 639 962 ἀνθρώπων
661 887 764 943 τινῶν
786 876 867 961 ἡμῖν
885 879 983 942 τόνδε
1005 875 1229 962 θεμένωνιοει

141 984 202 1048 τὸν
220 986 338 1068 νόμον,
359 978 439 1049 οὐδὲ
458 982 669 1049 ἀνελούντων
686 979 766 1049 ποτὲ
783 983 900 1067 αὐτόν,
924 981 983 1048 ἐάν
1001 983 1164 1050 τάναντία

143 1087 257 1165 αὐτοῖς
278 1088 371 1172 δοκῇ,
399 1085 470 1154 ἀλλ’
497 1088 563 1153 ὑπὸ
586 1097 644 1172 τῆς
665 1097 780 1172 κοινῆς
801 1089 935 1173 φάσεως
956 1088 991 1168 έξ
1015 1091 1164 1169 ἅπαντος

141 1201 201 1258 τοῦ
223 1195 349 1278 χρόνου
370 1201 451 1258 πᾶσι
473 1205 544 1271 τοῖς
561 1195 747 1277 αἰσθήσεως
767 1197 981 1279 μετειληφόσι
1003 1198 1162 1279 κείμενον

101 1287 195 1402 1ζωαὶ
223 1300 270 1375 είς
292 1297 344 1364 άεὶ
366 1300 588 1383 διαμενοῦντα
610 1301 869 1385 παραλαβόντες·
899 1297 955 1366 καὶ
979 1301 1036 1366 διά
1057 1311 1160 1369 τοῦτο

139 1407 260 1489 φίλους
281 1402 310 1471 τ’
336 1404 589 1492 ἀπαρνούμεθα,
612 1406 692 1472 ὅταν
715 1405 910 1490 ἀδικήσωσι,
934 1405 989 1472 καὶ
1012 1406 1161 1493 ἐχθροὺς

140 1515 259 1596 φίλους
280 1512 483 1597 ποιούμεθα,
511 1513 592 1578 ὅταν
614 1535 663 1589 τις
685 1511 765 1596 ἡμῖν
787 1509 865 1597 παρ’
892 1511 1003 1578 αὐτῶν
1025 1512 1160 1600 ὑπάρξῃ

139 1617 244 1703 χάρις,
265 1621 365 1684 πόλιν
383 1642 418 1684 τε
435 1619 498 1702 τὴν
516 1615 714 1702 γειναμένην
732 1617 829 1702 ἡμᾶς,
852 1617 932 1683 ὅταν
950 1614 1011 1702 μὲν
1031 1620 1158 1705 ὠφελῇ,
1240 1651 1241 1656 ’

139 1722 330 1808 στέργομεν,
354 1724 434 1790 ὅταν
458 1720 496 1789 δὲ
517 1725 657 1811 βλάπτῃ,
679 1727 929 1809 καταλείπομεν,
952 1725 993 1791 οὐ
1016 1725 1074 1789 διὰ
1096 1728 1159 1792 τὸν

99 1817 243 1931 {mov
265 1828 456 1912 ἀγαπῶντες
477 1829 597 1915 αὐτήν,
625 1829 709 1896 άλλά
732 1831 848 1896 διὰτὸ
871 1828 1053 1916 συμφέρον.
1099 1830 1158 1896 καὶ

139 1933 214 2020 οὐχὶ
235 1947 306 2012 τοῖς
328 1931 390 2020 μὲν
413 1937 561 2014 ἰδιώταις
582 1936 688 2014 οὕτως
706 1934 875 2024 ἐπέρχεται
893 1935 970 2003 καθ’
992 1935 1052 2002 ἕνα
1071 1961 1158 2024 φρο-

137 2054 225 2127 νεῖν,
252 2039 328 2128 οὐχὶ
351 2038 388 2106 δὲ
410 2039 467 2107 καὶ
488 2045 626 2109 πόλεσιν
649 2043 742 2120 ὅλαις
764 2041 820 2109 καί
844 2045 996 2127 ἔθνεσιν,
1026 2044 1113 2109 ὥστε
1136 2043 1224 2112 61582

84 2179 89 2190 ·
137 2149 239 2237 ταύτῃ
261 2158 301 2235 τῇ
324 2150 440 2235 γνώμῃ
462 2150 631 2234 χρώμενος
653 2146 754 2216 οὐδὲν
773 2148 834 2228 ἐξω
854 2160 920 2214 τῶν
942 2152 1049 2215 θείων
1067 2148 1160 2228 άξιοί

138 2259 305 2341 νομίμων,
332 2252 413 2322 οὐδὲ
439 2256 528 2341 παρὰ
554 2255 616 2338 τὴν
637 2255 757 2338 κοινὴν
779 2253 935 2321 ἁπάντων
961 2253 1156 2340 ἀνθρώπων

26 2371 45 2414 ³
96 2387 122 2428 το
136 2374 227 2430 ποιεί
247 2365 429 2438 δικαίωσιν.
475 2359 540 2445 ἐγὼ
563 2357 626 2446 μὲν
648 2362 690 2445 δὴ
719 2371 823 2427 ταῦτα
844 2362 1030 2447 πράττοντα
1053 2360 1156 2446 έμαυ·

135 2472 195 2536 τὸν
217 2470 258 2535 τά
280 2467 449 2535 τεδίκαια
471 2467 615 2554 ἡγοῦμαι
632 2467 790 2552 πράττειν
807 2465 863 2533 καὶ
880 2467 921 2532 τά
939 2465 1155 2554 συμφέροντα

134 2575 190 2642 καὶ
217 2577 257 2641 τά
284 2578 367 2642 καλά
394 2575 450 2642 καὶ
476 2576 544 2661 ἅμα
571 2583 674 2641 ταῦτα
700 2571 755 2638 καὶ
782 2574 822 2638 τά
844 2575 927 2660 πρὸς
949 2576 1027 2650 τοὺς
1049 2578 1155 2652 θεοὺς

135 2683 309 2749 ὁσιώτατα·
334 2680 389 2747 καὶ
412 2682 454 2748 οὐ
477 2679 594 2766 δέομαι
617 2680 772 2756 δικαστάς
795 2675 878 2766 ὑπὲρ
901 2679 1013 2744 αὐτῶν
1035 2683 1154 2764 λαβεῖν

133 2791 212 2865 τοὺς
237 2789 382 2875 εἰκασμῷ
410 2784 466 2852 καὶ
494 2786 574 2872 δόξῃ
603 2784 882 2871 τεκμαιρομένους
903 2785 964 2868 τὴν
988 2784 1153 2870 ἀλήθειαν

93 2913 119 2958 τε
134 2893 346 2979 ἀνθρώπους,
377 2891 489 2975 ἐπειδὴ
512 2898 607 2969 θεοῖς
628 2889 811 2976 άρέσκοντα
834 2892 976 2977 πράττω.
1022 2892 1064 2957 οὐ
1087 2893 1152 2977 γάρ

204 3012 257 3068 36
256 3010 373 3082 υεωςΟ
397 3009 1057 3138 φάσεφςο.Κίεεε1ἰαῃςΒὸτεάπαντεςΟ
1080 3028 1150 3068 corr

705 3103 738 3138 ντ

131 3083 277 3154 Kiessling
349 3082 486 3138 ἵάνελοί
469 3102 560 3137 υντων
578 3081 601 3135 Β
620 3082 688 3137 ἀνελ
739 3083 822 3138 ωνΒ
851 3085 978 3153 Ιαδτῶν
996 3083 1044 3138 Ba
1062 3084 1150 3138 αὐτὸν

131 3159 157 3213 Β.
211 3163 291 3212 θτοῦ
306 3154 409 3210 αδδ.Β
465 3159 497 3208 12
511 3156 612 3224 φίλους
624 3153 786 3245 ποιουμεθα
799 3086 906 3224 AO'mg
919 3154 1150 3248 φιλοποιοόμεθα

132 3229 182 3286 Bc
273 3233 306 3282 16
330 3224 456 3289 ἰδιώταις
479 3220 547 3296 ἐπέρ
566 3244 627 3280 εται
643 3224 747 3280 Ac‘'
714 3245 801 3287 ουτως
818 3225 865 3279 vel
887 3224 967 3280 ταῦτ’
987 3229 1055 3308 post
1072 3225 1150 3280 ἰδιά-

131 3322 193 3364 ταις
210 3298 391 3355 inserendum
411 3314 472 3352 esse
495 3314 531 3351 e.·
526 3245 674 3365 ·S²ylburg;
704 3297 728 3351 si
750 3295 936 3364 Heylbutium
960 3295 1147 3364 sequimurB

131 3371 218 3434 ουτως
233 3365 465 3494 φέαοοοδῖὲκοῃβῖὲ
483 3365 535 3492 ἱνα
549 3374 631 3491 πάσῃι
640 3367 722 3492 Praotlxi
770 3370 833 3490 8221
836 3374 927 3493 τοὲιὶιφῃι
934 3366 1045 3492 8ιιιδδΒ
1113 3373 1147 3422 22

130 3441 166 3494 τὰ
184 3457 230 3495 om
398 3457 413 3492 ο
525 3458 578 3508 γαρ
598 3455 610 3491 s
631 3455 665 3506 pr
723 3455 750 3492 n.
920 3455 934 3490 r
