2508 3882
478 221 646 270 -Η-
1003 216 1068 282 261

64 380 184 462 καιρός,
216 379 234 444 6
262 373 323 463 μέν
346 381 500 463 Αἰμίλιος
527 380 656 463 ἔμεινεν
684 376 738 445 έπλ
767 377 991 464 στρατοπέδω
1022 376 1064 444 δι’

65 486 215 568 αἰσχύνης
237 487 323 563 έχων
347 483 400 549 ἐπὶ
423 495 611 571 συμφοραῖς
634 484 696 551 οὑκ
719 484 920 570 εὐσχήμοσιν
942 486 990 561 είς
1007 486 1070 569 τὴν

64 594 152 656 πόλιν
180 593 346 656 εἰσελθεῖν
374 593 411 656 τὸ
439 591 615 676 κράτιστον
642 590 858 667 ἀπολωλεκὼς
887 600 945 674 τῆς
973 608 1071 678 στρα-

64 705 132 773 τιᾶς.
169 697 187 763 6
208 694 246 762 δὲ
265 698 453 774 συνύπατος
470 698 573 764 αὑτοῦ
593 701 671 774 τοὺς
689 694 745 782 ὑφ’
772 695 891 763 ἑαυτὸν
910 698 1071 784 ἀρχυυτας

65 801 109 866 ἐπὶ
131 801 357 887 στρατοπέδω
379 804 568 868 καταλιπὼν
588 806 635 880 είς
653 804 713 887 τὴν
732 801 857 887 Ῥώμην
876 801 993 891 ᾤχετο·
1014 801 1071 870 καλ
1096 823 1109 864 ε

66 906 260 991 συγκαλέσας
282 911 342 974 τὸν
366 910 466 993 ὄχλον
489 906 543 974 ἐπὶ
565 911 623 987 τάς
646 910 866 996 ἀρχαιρεσίας,
894 901 944 986 οἷς
966 905 1027 993 μὲν
1051 909 1070 976 6

67 1016 159 1099 δῆμος
189 1014 347 1099 ἐβούλετο
378 1017 522 1098 δοθῆναι
551 1016 614 1099 τὴν
646 1015 806 1081 ὑπατείαν
837 1014 1002 1101 ἀνδράσιν
1034 1014 1071 1081 ἐκ

66 1133 121 1186 τῶν
134 1122 382 1205 ὑπατευκότων,
397 1123 437 1187 οὑ
451 1123 622 1206 προύθηκε
638 1122 699 1205 τὴν
712 1125 942 1208 ψηφοφορίαν,
956 1119 1070 1204 ἐπειδὴ

66 1225 129 1292 οὐδ’
154 1227 252 1294 αὐτοὶ
276 1226 436 1315 μετῄεσαν
459 1229 521 1312 τὴν
543 1227 649 1315 ἀρχὴν
672 1225 813 1312 ἑκόντες,
835 1224 918 1314 ὑπὲρ
943 1225 980 1294 δὲ
1003 1239 1070 1294 τῶν
1136 1229 1141 1238 ’

68 1335 236 1415 μετιόντων
268 1334 347 1410 τούς
377 1355 412 1398 τε
446 1336 565 1419 λόχους
597 1333 729 1400 ἐκάλεσε
761 1334 817 1400 καλ
847 1336 905 1410 τὰς
936 1338 1070 1419 ψήφους
1084 1353 1110 1393 1⁰

68 1437 231 1505 ἀνέδωκεν.
278 1435 371 1506 οὑτοι
395 1437 425 1504 δ’
447 1435 544 1524 ἦσαν,
568 1440 627 1516 οὑς
648 1439 668 1523 ἡ
691 1443 798 1524 βουλὴ
821 1444 993 1525 προείλετο
1015 1438 1110 1508 καλ2

69 1536 110 1622 οἷς
129 1545 368 1635 παραγγέλλειν
391 1548 453 1631 τὴν
476 1546 581 1632 ἀρχὴν
605 1545 786 1629 ἐκέλευσεν,
810 1547 852 1611 ού
876 1548 1006 1632 σφόδρα
1024 1553 1070 1634 τῷ

70 1651 149 1739 δήμῳ
171 1652 413 1740 κεχαρισμένοι.
450 1651 505 1718 καὶ
528 1653 774 1739 ἀπεδείχθησαν
793 1655 839 1730 είς
858 1655 917 1719 τὸν
936 1652 1071 1719 ἐπιόντα

71 1753 209 1825 ἐνιαυτὸν
232 1760 353 1826 ὑπατοι
376 1760 394 1825 6
414 1783 449 1824 τε
468 1761 628 1845 νεώτερος
646 1760 790 1846 ἀδελφὸς
807 1769 868 1826 τοῦ
886 1757 1071 1844 προθέντος

70 1864 117 1939 τάς
142 1864 354 1952 ἀρχαιρεσίας
387 1867 531 1949 ὑπάτου,
566 1867 706 1948 Μάρκος
739 1867 865 1951 Φάβιος
897 1870 1072 1943 Καίσωνος
1086 1883 1111 1925 1⁵

26 1969 140 2052 ιωιυὶός,
160 1970 216 2036 καὶ
239 1973 382 2048 Λεύκιος
403 1971 584 2058 Οὐαλέριος
602 1973 747 2058 Μάρκου
769 1975 852 2056 υίός,
875 1974 893 2040 6
917 1976 976 2040 τὸν
1000 1971 1072 2058 τρλς

71 2072 285 2143 ὑπατεύσαντα
320 2079 470 2144 Κάσσιον
504 2081 620 2163 κρίνας
652 2077 704 2144 ἐπὶ
737 2089 776 2164 τῇ
808 2081 983 2164 τυραννίδι
1014 2075 1070 2141 καλ

73 2177 260 2262 ἀποκτείνας.
306 2181 400 2250 οὗτοι
422 2186 484 2268 τὴν
507 2184 613 2270 ἀρχὴν
635 2187 881 2277 παραλαβόντες
898 2180 982 2267 ὑπὲρ
1003 2193 1071 2247 τῶν
1090 2185 1110 2249 3

73 2283 300 2358 ἀποθανόντων
328 2289 365 2356 έν
387 2299 432 2379 τῷ
459 2292 543 2378 πρὸς
561 2288 730 2374 Ἀντιάτας
757 2288 890 2376 πολέμφ
913 2305 1071 2374 στρατιω-

72 2404 125 2458 τῶν
143 2396 260 2480 ἠξίουν
284 2396 416 2483 ἑτέρους
437 2398 677 2483 καταγράφειν,
699 2397 755 2460 ’ίνα
777 2398 815 2461 τὸ
838 2391 967 2470 ἐλλιπὲς
990 2392 1070 2458 ἀνα-
1084 2415 1110 2454 ιο

73 2503 217 2589 πληρωθῇ
245 2514 313 2568 τῶν
341 2506 458 2588 λόχων.
503 2501 558 2568 καὶ
583 2505 691 2587 δόγμα
711 2502 928 2586 ποιησάμενοι
949 2505 1073 2583 βουλῆς

73 2608 278 2693 προύγραψαν
299 2609 438 2695 ἡμέραν,
464 2607 501 2674 έν
523 2603 545 2695 ᾗ
568 2621 722 2694 παρεῖναι
744 2611 823 2685 τοὺς
846 2610 980 2692 ἔχοντας
1002 2606 1073 2689 ηλι-

76 2715 135 2778 ιίαν
152 2718 392 2802 στρατεύσιμον
411 2717 488 2781 ἔδει.
527 2717 607 2801 μετά
625 2726 722 2782 τοῦτο
742 2719 890 2801 θόρυβος
907 2710 951 2798 ἦν
969 2717 1074 2790 πολὺς

75 2822 140 2884 κατά
160 2825 223 2908 τὴν
246 2827 356 2907 πόλιν,
378 2821 435 2888 καλ
455 2826 550 2906 λόγοι
567 2834 634 2888 τῶν
653 2822 861 2888 πενεστάτων
880 2822 1074 2898 στασιώδεις

78 2924 124 2990 οὐκ
144 2929 327 3008 ἀξιούντων
351 2931 428 2995 οὑτε
455 2934 580 3013 βουλῆς
609 2931 774 3012 δόγμασιν
796 2929 973 3014 ὑπηρετεῖν
997 2929 1072 2994 οὑτε
1087 2944 1113 2985 2⁵

77 3029 192 3101 ὑπάτων
216 3034 350 3123 ἐξουσίᾳ
371 3041 578 3120 πειθαρχεῖν,
601 3035 651 3099 ότι
674 3035 733 3110 τὰς
755 3033 830 3120 περὶ
853 3045 911 3119 τῆς
933 3039 1074 3120 κληρου-

98 3326 103 3336 ,
132 3264 217 3317 θοὺκ
240 3262 322 3318 αὐτοὶ
346 3262 368 3317 0
388 3279 456 3317 corr.
478 3261 598 3331 Sylburg
636 3263 640 3330 Ι
679 3260 795 3330 ἥκοντες
818 3277 841 3315 ο.
869 3257 993 3314 Sintenis
1012 3257 1072 3314 Em.

77 3322 246 3390 D1on.11118
322 3341 354 3388 13
373 3331 584 3404 κεχαρισμένοις
602 3350 625 3387 c.
644 3331 748 3387 Reiske
828 3337 861 3384 21
883 3328 973 3399 δόγμα
991 3347 1075 3397 ποιη-

79 3400 179 3473 ῦνμένης
196 3413 246 3474 τῆς
266 3407 366 3478 βουλῆς
385 3423 408 3459 ο.
426 3403 571 3472 Kiessling
643 3410 676 3457 22
696 3405 712 3438 *
726 3401 911 3474 προέγραψαν
931 3399 953 3453 0
978 3403 981 3467 Ι
1006 3393 1073 3472 ἕνῇ

78 3469 127 3533 τοὺς
143 3474 162 3529 έ.
181 3475 198 3544 ἡ
219 3493 258 3530 στ.
278 3474 359 3545 ἥκειν
379 3475 437 3530 έδει
457 3475 479 3529 Ο
498 3477 611 3544 praeter
629 3474 652 3526 Β
725 3480 759 3529 24
778 3473 860 3528 πόλιν
880 3469 947 3540 ὅλην
967 3471 989 3524 Β
