2508 3882
574 213 741 265 ..Θ-

152 371 372 456 έμβοήσαντες
400 371 522 458 ἀθρόοι
549 375 725 459 κακιζούσῃ
751 353 791 459 τῇ
817 383 913 460 φωνή
937 378 996 441 τὸν
1019 376 1166 460 ἡγεμόνα

152 477 363 561 ἐλοιδόρουν,
392 479 436 554 ὡς
460 482 605 564 πολλοὺς
627 491 724 563 σφῶν
747 478 802 545 καὶ
825 479 977 563 ἀγαθοὺς
999 481 1235 547 ἀπολωλε-Ιιεε

151 587 230 649 κότα
263 582 307 648 δι’
340 584 492 670 ἀπειρίαν
523 595 584 650 τοῦ
616 597 824 671 στρατηγεῖν·
858 583 914 650 καὶ
945 588 1029 672 άλλη
1059 593 1165 673 πολλῇ

151 693 343 777 βλασφημίᾳ
365 688 421 755 καὶ
444 685 663 774 ἀγανακτήσει
686 693 887 778 χρησάμενοι
910 693 1005 757 λύειν
1027 695 1087 758 τὸν
1109 695 1166 778 χά-

124 815 236 880 ιρακα
258 793 313 860 καί
336 795 476 879 ἀπάγειν
500 805 584 880 σφᾶς
607 799 654 874 είς
675 799 736 881 τὴν
758 800 858 863 πόλιν
880 796 997 881 ἠξίουν
1004 847 1014 881 ,
1038 799 1083 875 ὡς
1106 800 1165 886 ούχ

153 902 286 978 ίκανούς
310 900 498 986 ἐσομένους,
522 901 580 966 ἐὰν
603 900 741 967 ἐπίωσιν
764 904 800 968 οί
818 902 982 988 πολέμιοι,
1005 905 1165 990 δευτέραν

116 1008 327 1091 5ὑπομεϊναι
350 1009 466 1094 μάχην.
503 1006 557 1073 καί
577 1009 652 1074 ούτε
672 1010 970 1092 μεταδιδάσκοντος
989 1008 1164 1077 ἐπείθοντο

151 1124 210 1179 τοῦ
233 1113 404 1197 ἡγεμόνος,
428 1112 497 1179 οὔτ’
520 1112 772 1200 ὀλοφυρομένου
790 1113 846 1180 καὶ
866 1116 1071 1193 ἱκετεύοντος
1089 1119 1165 1182 ἔπα-

152 1222 233 1303 σχόν
256 1243 287 1284 τι
310 1222 392 1305 πρὸς
414 1222 471 1296 τάς
494 1221 633 1304 δεήσεις,
657 1217 726 1285 οὔτ’
750 1219 886 1298 ἀπειλὰς
905 1219 961 1286 καὶ
979 1220 1165 1305 ἀνατάσεις,

113 1347 138 1385 10
153 1325 249 1390 ὁπότε
272 1323 328 1390 καί
350 1327 484 1402 ταύταις
505 1328 677 1411 χρήσαιτο,
701 1323 745 1392 δι’
768 1327 941 1411 εὐλαβείας
963 1328 1165 1412 ἐλάμβανον,

150 1429 338 1516 ἀλλὰπρὸς
361 1432 489 1497 ἅπαντα
513 1435 752 1517 τραχυνόμενοι
776 1441 878 1498 ταῦτα
902 1433 1066 1518 διέμενον.
1113 1458 1166 1499 το-

151 1539 254 1621 σαύτη
270 1535 300 1602 δ’
315 1537 455 1623 ἀναρχία
474 1535 529 1602 καί
548 1533 790 1624 καταφρόνησις
808 1550 868 1605 τοῦ
886 1540 1049 1624 ἡγεμόνος
1062 1549 1166 1605 πᾶσιν

151 1642 183 1720 ἐξ
207 1643 316 1708 αὐτῶν
335 1643 492 1729 παρέστη,
515 1644 597 1708 ὥστε
616 1643 691 1728 περὶ
709 1643 810 1728 μέσας
827 1647 949 1722 νύκτας
967 1645 1166 1723 ἐξαναστάν-

150 1770 202 1822 τες
224 1748 281 1824 τάς
304 1772 339 1822 τε
363 1751 485 1832 σκηνάς
506 1751 605 1815 ἔλυον
622 1748 678 1814 καὶ
696 1751 735 1814 τά
754 1751 838 1828 ὅπλα
857 1749 1089 1836 ἀνελάμβανον
1108 1751 1166 1816 καὶ

110 1871 135 1910 15
150 1855 227 1928 τοὺς
249 1857 449 1938 τραυματίας
472 1853 649 1938 ἐβάσταζον
672 1856 811 1932 οὐδενός
832 1859 1075 1938 κελεύσαντος.

216 1957 293 2022 IIII.
329 1957 437 2025 Ταῦθ’
466 1961 483 2026 ὁ
513 1963 693 2047 στρατηγὸς
719 1963 840 2045 μαθὼν
862 1963 1060 2046 ἠναγκάσθη
1082 1972 1166 2028 πᾶσι

150 2057 270 2130 δοῦναι
290 2067 327 2130 τὸ
346 2066 560 2151 παράγγελμα
579 2075 636 2150 τής
655 2065 772 2144 ἐξόδου
791 2068 903 2143 δείσας
920 2067 981 2149 τήν
994 2066 1166 2154 ἀναρχίαν

152 2171 262 2237 αὐτῶν
284 2169 399 2236 καὶτὸ
422 2171 559 2257 θράσος.
601 2172 636 2237 οί
657 2170 686 2236 δ’
712 2172 820 2257 ὥσπερ
845 2170 880 2236 ἐκ
904 2182 1012 2257 φυγῆς
1034 2173 1167 2238 ἀνασω-

152 2279 282 2361 ζόμενοι
310 2277 401 2362 τάχει
430 2284 543 2364 πολλῷ
575 2278 781 2343 συνάπτουσι
810 2287 849 2362 τῇ
878 2281 972 2343 πόλει
1000 2278 1078 2365 περὶ
1105 2282 1168 2345 τὸν

110 2405 137 2444 ιο
151 2383 289 2468 ὄρθρου.
334 2380 390 2446 καὶ
413 2384 449 2447 οί
469 2380 521 2447 ἐπὶ
544 2394 611 2448 τῶν
633 2394 750 2468 τειχῶν
773 2383 1010 2468 ἀγνοήσαντες,
1034 2385 1085 2450 ὅτι
1109 2389 1237 2470 φί-ιτιι

150 2493 224 2553 λιου
251 2482 294 2571 ἡν
322 2488 522 2574 στράτευμα,
550 2488 634 2555 ὅπλα
661 2485 690 2553 τ’
718 2487 894 2553 ἐνεδύοντο
921 2487 976 2553 καὶ
999 2489 1168 2573 ἀλλήλους

150 2595 346 2678 ἀνεκάλουν,
368 2595 388 2676 ἡ
411 2591 440 2658 τ’
468 2595 550 2678 άλλη
574 2597 680 2677 πόλις,
703 2595 747 2670 ὡς
770 2592 822 2658 ἐπὶ
845 2605 1002 2680 συμφορᾷ
1025 2596 1167 2682 μεγάλη,

150 2708 292 2786 ταραχῆς
314 2697 460 2781 ἐγεγόνει
483 2701 584 2783 μεστὴ
602 2698 658 2764 καὶ
675 2700 842 2790 θορύβου·
865 2699 920 2765 καὶ
939 2701 980 2766 ού
998 2704 1166 2787 πρότερον

150 2803 298 2892 ἀνέῳξαν
321 2804 433 2880 αὐτοῖς
457 2805 514 2880 τάς
536 2805 641 2880 πύλας
664 2807 699 2870 ολ
719 2807 879 2890 φύλακες,
907 2806 927 2891 ή
951 2807 1106 2890 λαμπράν
1129 2830 1167 2871 τε

111 2930 136 2972 ιε
151 2907 277 2992 ἡμέραν
300 2906 458 2990 γενέσθαι
480 2906 536 2973 καὶ
557 2916 751 2992 γνωσθῆναι
770 2913 806 2976 τὸ
826 2913 949 2976 οίκεϊου
969 2911 1166 2996 στράτευμα.

222 3037 235 3083 1
261 3025 457 3103 ἐμβοησάντων
480 3029 533 3082 ἈΒ
552 3046 620 3086 corr.
641 3030 762 3100 Sylburg
787 3035 791 3099 Ι
817 3032 962 3096 κακίζουσι
979 3039 1013 3101 τῇ
1031 3051 1061 3085 τε
1081 3040 1167 3102 φωνῇ

150 3133 182 3143 -
204 3101 253 3155 καὶ
272 3098 433 3170 ἐλοιδόρουν
451 3099 477 3152 Α
544 3101 707 3170 θάγαθούς
726 3099 833 3169 ἀνδρας
852 3117 873 3156 ο.
894 3100 998 3154 Reiske
1063 3104 1166 3157 θούτε

148 3173 199 3236 τὰς
217 3170 335 3233 ἀπειλάς
352 3188 375 3226 ο.
394 3169 498 3224 Reieke
519 3174 523 3240 1
544 3171 710 3233 ἀναστάσεις
728 3171 774 3224 Βο.
866 3176 898 3224 10
917 3170 1097 3244 χρήσ<ιιι>το
1116 3173 1166 3226 Bb

151 3253 183 3300 13
204 3240 233 3311 ἐξ
253 3245 339 3312 αὐτῆς
358 3259 380 3298 c.
396 3240 524 3296 Hertlein
542 3243 658 3296 Hermes
677 3242 702 3294 X
721 3247 773 3296 418
848 3248 880 3296 16
900 3240 1013 3309 ἀφόδου
1034 3261 1058 3298 ο.
1073 3243 1166 3300 Cobet

150 3316 214 3371 Oba.
234 3335 260 3385 p.
277 3321 328 3369 173
401 3318 435 3366 24
455 3314 578 3381 φύλακες
596 3311 613 3380 ἡ
633 3311 763 3383 λαμπράν
780 3311 804 3364 Β
823 3331 853 3381 φ.
874 3310 925 3374 ἔας
943 3313 1075 3382 λαμπρὰν
1089 3313 1164 3384 AO}

58 3381 63 3392 ’
149 3407 178 3440 τε
198 3387 262 3440 add.
282 3386 304 3438 B
360 3391 393 3439 25
413 3383 455 3438 ὅτι
474 3381 579 3437 οίκεῖον
598 3400 653 3452 στρ.
673 3383 719 3437 vel
738 3380 843 3436 οἰκεῖον
862 3379 894 3436 δν
913 3383 944 3436 τὸ
964 3401 1020 3452 στρ.
1041 3401 1064 3438 ο.
1081 3385 1165 3438 Hert·

150 3456 208 3510 lein
225 3457 341 3510 Hermes
359 3455 411 3510 1.1.
