2508 3882
148 160 213 225 200
570 160 737 210 -Η-

111 323 133 387 2
148 316 352 406 μαινομένην
370 319 475 405 ὀργήν
492 320 661 405 προάγεις·
682 316 737 384 καὶ
755 314 835 385 οὐδὲ
851 320 931 394 τούς
947 314 1164 401 πεμφθέντας

149 427 213 493 ὑπὸ
237 434 295 510 τής
316 429 441 510 βουλῆς
462 424 616 511 πρέσβεις
637 423 800 510 φέροντάς
822 440 875 489 σοι
898 435 965 489 τῶν
987 446 1022 488 τε
1045 422 1164 506 ἐγκλη-

149 533 261 618 μάτων
284 533 404 615 ἄφεσιν
427 528 482 596 καὶ
508 529 659 596 κάθοδον
682 528 735 599 ἐπὶ
762 530 802 596 τά
829 530 934 596 οἰκεία
962 532 1084 614 φίλους
1106 525 1165 594 καὶ

149 639 301 724 ἀγαθοὺς
318 639 443 724 ἀνδρας
461 635 623 713 ἐλθόντας
641 634 830 722 ἐνετράπης,
852 631 933 702 οὐδὲ
950 638 1028 712 τούς
1052 635 1168 722 ίερεϊς,

123 746 209 824 σούς
238 747 275 812 τὸ
305 749 494 810 τελευταῖον
524 745 668 827 ἔπεμψεν
697 743 718 826 ἡ
746 745 859 827 πόλις,
892 742 963 826 ίερδι
996 739 1167 826 στέμματα

149 860 242 920 θεῶν
272 854 407 938 ἔχοντας
435 847 534 935 <καλ>
556 852 791 935 προτείνοντας
820 850 993 934 [γηραιοὺς
1022 849 1165 933 ἄνδρας]

150 956 312 1028 ἀλλὰκαὶ
333 959 473 1033 τούτους
495 955 680 1040 ἀπήλασας,
709 955 870 1032 αὐθάδεις
891 953 946 1020 καὶ
970 955 1169 1031 δεσποτικὰς

117 1067 196 1143 3ὑς
217 1061 470 1148 κεκρατημένοις
493 1061 682 1148 ἀποκρίσεις
704 1064 794 1139 δούς.
839 1061 903 1145 ἐγω
924 1057 985 1146 μέν
1004 1059 1066 1126 οὐκ
1089 1063 1169 1146 ἔχω,

151 1182 220 1247 πῶς
243 1167 403 1236 ἐπαινέσω
426 1179 528 1236 ταῦτα
550 1169 590 1234 τά
613 1169 738 1255 σκληρὰ
760 1166 816 1234 καὶ
835 1167 1006 1253 ὑπέραυχα
1024 1164 1080 1234 καὶ
1103 1168 1169 1250 τήν

113 1299 139 1340 ιο
152 1279 284 1362 θνητήν
307 1277 412 1362 φύσιν
435 1275 634 1360 ἐκβεβηκότα
657 1276 859 1359 δικαιώματα
886 1275 997 1360 δρῶσα
1020 1296 1170 1358 καταφυ-

152 1385 213 1469 γάς
236 1381 420 1469 εὑρημένας
442 1384 566 1449 ἅπασιν
584 1381 777 1469 ἀνθρώποις
798 1379 854 1447 καὶ
876 1381 1100 1468 παραιτήσεις,
1120 1373 1169 1444 ὧν

153 1489 196 1558 ἀν
224 1489 469 1575 ἐξαμαρτάνωσι
496 1487 572 1577 περὶ
599 1488 780 1573 ἀλλήλους,
808 1489 971 1574 ἱκετηρίας
996 1483 1052 1552 καί
1075 1487 1232 1562 λιτάςισει

155 1595 224 1678 [καὶ
246 1599 284 1663 τὸ
307 1609 510 1681 καταφυγεῖν
534 1593 587 1662 ἐπὶ
609 1599 687 1672 τοὺς
714 1592 934 1679 ἠδικημένους
960 1594 998 1658 τὸ
1027 1592 1172 1658 ἀδικοῦν

154 1704 326 1785 ταπεινόν,
349 1707 441 1766 θεῶν
463 1702 544 1786 ἡμῖν
566 1702 730 1768 ταῦτατά
754 1702 816 1784 ἔθη
839 1696 1169 1784 καταστησαμένων]

115 1829 141 1869 15
155 1805 213 1892 ὑφ’
236 1803 284 1872 ὧν
302 1811 495 1891 μαραίνεται
518 1816 606 1872 πᾶσα
624 1807 707 1894 ὀργή
730 1804 785 1873 καὶ
804 1803 879 1874 ἀντὶ
897 1815 957 1873 τοῦ
980 1815 1090 1889 μισεῖν
1109 1805 1172 1870 τὸν

155 1913 279 1999 ἐχθρὸν
302 1911 398 1978 ἐλεεῖ·
420 1916 500 1991 τοὺς
518 1911 548 1979 δ’
571 1913 736 2001 αὐθαδείᾳ
758 1909 985 1998 χρησαμένους
1002 1907 1057 1976 καὶ
1078 1910 1174 1986 λιτάς

157 2021 274 2088 ίκετῶν
300 2019 516 2105 ὑβρίσαντας,
545 2021 691 2096 ἅπαντας
717 2017 967 2105 νεμεσωμένους
988 2017 1053 2083 ὑπὸ
1076 2023 1173 2086 θεῶν

119 2126 212 2196 4καὶ
234 2129 282 2205 είς
305 2127 479 2212 συμφοράς
495 2124 780 2210 καταστρέφοντας
799 2124 861 2191 οὐκ
878 2125 1034 2209 εὐτυχεῖς.
1074 2121 1173 2190 αὐτοὶ

157 2237 220 2320 γάρ
249 2236 291 2319 δή
319 2245 452 2320 πρῶτον
481 2233 517 2301 οἱ
540 2241 643 2298 ταῦτα
669 2231 950 2316 καταστησάμενοι
977 2227 1032 2296 καὶ
1064 2251 1173 2314 παρα-

117 2361 143 2400 20
158 2344 273 2418 δόντες
294 2340 374 2425 ἡμῖν
397 2338 474 2406 θεολ
496 2340 730 2423 συγγνώμονες
749 2348 820 2415 τοῖς
838 2336 1065 2423 ἀνθρωπίνοις
1084 2332 1174 2400 εἰσίν

158 2446 366 2531 ἁμαρτήμασι
388 2445 444 2512 καί
466 2445 711 2528 εὐδιάλλακτοι,
738 2441 793 2509 καὶ
815 2440 934 2510 πολλοὶ
956 2444 1019 2526 ήδη
1043 2441 1174 2526 μεγάλα

232 2642 247 2688 1
266 2635 400 2706 προάγεις
414 2637 461 2690 Ba.
478 2637 628 2707 προσάγεις
641 2636 718 2690 ABb
774 2642 790 2690 6
809 2633 949 2706 *ἔχοντας
966 2633 1103 2704 γηραιούς
1122 2633 1174 2687 άν-

161 2706 231 2773 δρας
248 2708 449 2774 προτείνοντας
466 2707 536 2761 ἀλλὰ
555 2709 608 2760 ΑΒ
631 2707 766 2776 γηραιοὺς
788 2707 895 2777 ἄνδρας
914 2703 975 2776 ίερδι
994 2723 1033 2759 στ.
1054 2702 1176 2773 ἔχοντας

160 2775 208 2828 καλ
231 2778 430 2844 προτείνοντας
453 2794 476 2832 ο.
501 2777 602 2830 Portus
630 2778 765 2846 γηραιοὺς
793 2777 899 2847 ἄνδρας
926 2775 1026 2844 delevi,
1049 2773 1175 2830 fortasse

159 2847 358 2914 προτείνοντας
380 2846 531 2901 delendum
554 2849 598 2901 est
625 2849 630 2914 Ι
659 2847 726 2915 post
748 2848 856 2919 ἄνδρας
878 2847 989 2902 codices
1016 2845 1175 2901 deteriores

159 2917 224 2979 τούς
242 2919 320 2970 θεῶν
340 2918 493 2989 σεβασμοὺς
512 2911 597 2984 ἐδέξω
615 2918 755 2987 praebent
818 2926 834 2974 9
853 2917 955 2973 αἰνέσω
973 2917 1026 2972 ΑΒ
1042 2922 1046 2986 Ι
1061 2915 1098 2970 τδι
1117 2933 1174 2972 om.

159 2987 213 3040 AB
286 2993 319 3041 12
338 2988 426 3042 verba
442 2990 557 3042 turbata
571 2990 600 3043 et
613 2988 661 3044 vix
678 2988 771 3044 lenius
789 3005 875 3058 quam
889 2989 930 3043 sie
948 2986 1061 3042 restitui
1074 3003 1174 3056 posse:

161 3055 302 3130 ἱκετηρίας
315 3058 364 3112 καὶ
378 3058 461 3129 λιτάς,
483 3058 535 3129 ὑφ’
552 3055 590 3116 ὧν
604 3062 772 3132 μαραίνεται
789 3069 867 3117 πᾶσα
885 3059 953 3130 όργή
971 3058 1020 3114 καὶ
1039 3058 1105 3112 ἀντὶ
1122 3067 1176 3112 τοῦ

160 3139 252 3198 μισεῖν
270 3130 320 3188 τδν
339 3125 444 3202 ἐχθρὸν
464 3128 540 3187 ἐλεεῖ
552 3133 583 3188 τδ
603 3133 722 3187 ἀδικοῦν
741 3130 907 3201 καταφνγδν
926 3127 973 3186 έπλ
991 3130 1056 3192 τούς
1073 3129 1175 3198 ἠδικη-

159 3201 262 3269 μένους
281 3201 337 3272 (vel
355 3203 386 3258 τὸ
405 3202 587 3274 ήδικήμενον)
609 3203 652 3274 [τὸ
671 3202 818 3272 ταπεινὸν]
841 3206 919 3257 θεῶν
944 3201 1011 3271 ἡμῖν
1029 3207 1119 3256 ταῦτα
1137 3199 1175 3254 τὰ

161 3272 216 3345 ἔθη
235 3273 487 3345 καταστησαμένων
506 3291 529 3330 σ.
554 3273 710 3344 Kiessling,
734 3289 787 3340 ego
806 3272 893 3327 verba
910 3271 959 3326 καὶ
980 3271 1012 3326 τὸ
1031 3301 1065 3311 -
1085 3290 1175 3324 κατα-

162 3344 341 3414 στησαμένων
360 3346 439 3399 uncis
458 3344 570 3413 inclusi,
590 3361 687 3398 cume
711 3341 838 3412 margine
863 3342 1009 3410 irrepsisse
1032 3341 1063 3394 in
1085 3341 1177 3396 verba

161 3415 299 3481 appareat
354 3419 387 3467 19
406 3414 647 3485 καταστησάμενοι
664 3414 687 3466 Β
705 3411 951 3482 παραστησάμενοι
969 3412 1007 3467 R.
