2538 3884
495 213 662 266 -Θ-
1020 214 1083 278 367

66 373 316 456 καθεστήκασιν
339 371 474 461 ἀπορίᾳ·
497 370 553 438 καλ
576 373 778 439 ὅτιτούτων
801 373 940 452 οὐδενὸς
961 374 1087 459 ἀπηλά-

66 485 205 563 σθησαν
228 473 307 544 οὐδὲ
329 491 425 564 μεῖον
444 477 620 564 ἐκτήσαντο
640 477 677 546 ἐν
695 492 766 557 ταῖς
783 481 956 566 διανομαῖς
975 481 1010 546 oc
1025 482 1086 564 τήν

67 583 215 670 ἀπορίαν
238 583 448 669 ὀδυρόμενοι.
491 578 543 671 ἀρ’
571 579 634 651 οὖν
658 587 714 651 διδ
736 587 935 665 ταύταςτὰς
957 585 1121 671 ἐπικτή-2

67 706 140 767 σεις
164 688 482 777 ἐπανορθωσάμενοι
504 694 685 776 φαίνονταί
699 715 730 758 τι
752 701 811 776 τής
827 698 969 770 παλαιᾶς
986 693 1087 779 τύχης

68 793 127 862 καὶ
149 799 417 881 προεληλυθότες
439 800 489 874 είς
510 796 706 882 ἐπιφάνειαν
728 809 799 875 τοῖς
820 802 920 883 βίοις;
950 797 1085 882 ἐβουλό-
1111 824 1125 867 ι

68 925 138 985 μην
166 898 229 986 μὲν
256 901 298 968 δυ
325 901 381 969 καλ
404 909 498 981 θεοῖς
519 903 681 989 εὐξάμην,
709 905 765 969 ἰ’να
787 898 887 988 ήττον
909 901 995 989 ήσαν
1018 903 1086 970 ἐπί-

68 1023 190 1092 σκηνοι
208 1008 351 1095 λυπηροὶ
369 1018 409 1095 τῇ
428 1011 536 1094 πόλει,
553 1020 618 1076 νῦν
637 1007 667 1076 δ’
686 1011 784 1097 δρᾶτε
801 1011 864 1098 γὰρ
883 1010 939 1076 καὶ
952 1009 1086 1077 ἀκούετε

8 1113 185 1180 ῖεεοαύτών
206 1113 433 1201 ὀδυρομένων,
457 1115 507 1181 ὅτι
531 1114 568 1182 ἐν
591 1115 710 1204 ἐσχάτη
733 1114 820 1182 είσλν
838 1116 969 1205 ἀπορίη.
1006 1113 1081 1182 ὥστ’

68 1217 145 1285 οὐδ’
169 1221 201 1285 εί
222 1229 335 1305 ταῦτα,
358 1221 379 1286 ἃ
402 1230 467 1286 νῦν
490 1223 672 1307 αἰτοῦνται,
693 1220 749 1288 καί
773 1225 820 1288 ἐτι
838 1226 940 1290 πλείω
958 1224 1087 1290 τούτων

68 1325 220 1410 λάβοιεν,
242 1325 536 1413 ἐπανορθώσονται
558 1331 636 1406 τοὺς
658 1331 760 1412 βίους.
806 1329 848 1394 ού
870 1331 933 1414 γάρ
956 1327 993 1394 ἐν
1016 1316 1126 1431 rats}

67 1432 186 1518 τύχαις
208 1432 318 1499 αὐτῶν
342 1432 466 1500 ἐνοικεῖ
486 1435 524 1499 τὸ
542 1434 682 1517 άπορον,
706 1430 777 1500 ἀλλ’
800 1432 838 1498 ἐν
855 1444 926 1510 τοῖς
943 1436 1085 1518 τρόποις·

68 1537 131 1614 οὓς
154 1537 216 1624 οὐχ
239 1529 313 1605 οἷον
334 1539 352 1605 ὁ
375 1541 501 1627 βραχὺς
520 1534 617 1617 οὗτος
635 1537 838 1627 ἐκπληρώσει
856 1544 987 1624 κλῆρος,
1011 1535 1082 1603 ἀλλ’

69 1640 144 1709 οὐδ’
173 1645 211 1709 αί
236 1646 404 1730 σύμπασαι
433 1643 598 1730 βασιλέων
621 1669 655 1711 τε
679 1643 735 1712 καὶ
757 1646 931 1733 τυράννων
955 1647 1085 1732 δωρεαί.

69 1747 240 1835 δράσομέν
258 1748 302 1834 τ’,
325 1753 356 1817 εί
372 1748 428 1816 καὶ
446 1761 549 1817 ταῦτα
568 1755 826 1839 συγχωρήσομεν
845 1751 969 1836 αὐτοῖς,
988 1750 1086 1835 ὅμοια

68 1867 141 1933 τοῖς
162 1857 245 1942 πρὸς
262 1855 390 1940 ήδονήν
408 1858 635 1942 θεραπεύουσι
653 1861 732 1935 τοὺς
748 1860 934 1943 κάμνοντας
952 1858 1085 1945 ίατροῖς.
1101 1882 1125 1924 ιε

71 1961 113 2026 ού
142 1963 206 2048 γὰρ
233 1964 271 2028 τὸ
300 1971 425 2028 νοσοῦν
447 1962 695 2047 ὑγιασθήσεται,
711 1972 769 2047 τῆς
790 1966 956 2040 πολιτείας
978 1960 1087 2049 μέρος,

69 2067 157 2134 ἀλλά
181 2066 297 2134 καὶτὸ
320 2067 474 2152 ὑγιαῖνον
497 2067 678 2136 ἀπολαύσει
700 2077 758 2151 τής
779 2071 892 2135 νόσου.
937 2070 1086 2133 καθόλου

69 2169 116 2258 τ’,
139 2169 166 2240 ώ
189 2177 307 2259 βουλή,
329 2179 454 2260 πολλῆς
476 2175 556 2259 ὑμῖν
580 2176 635 2240 δεῖ
655 2174 839 2259 ἐπιμελείας
857 2171 964 2238 τεκαὶ
983 2195 1086 2259 φρον-

68 2282 175 2364 τίδος,
198 2281 287 2358 ὅπως
309 2279 351 2347 ἀν
374 2282 501 2366 σώσητε
523 2280 611 2367 πάση
627 2283 804 2368 προθυμία
822 2279 1086 2364 διαφθειρόμενα

69 2388 111 2453 τά
134 2388 204 2471 ήθη
227 2394 285 2470 τής
307 2389 441 2464 πόλεως.
479 2387 575 2474 ὁρᾶτε
598 2386 673 2472 γάρ,
697 2386 744 2462 είς
766 2385 788 2450 ἀ
809 2386 1041 2471 προελήλυθεν
1062 2374 1125 2487 ήξιο

69 2502 132 2560 τοῦ
157 2494 265 2577 δήμου
288 2491 442 2577 ἀκοσμία,
464 2490 520 2558 καλ
542 2494 587 2569 ὡς
609 2489 719 2558 οὐκέτι
739 2493 901 2578 ἀρχεσθαι
919 2492 1001 2577 πρὸς
1018 2500 1086 2555 τών

69 2599 209 2664 ὑπάτων
233 2597 332 2677 ἀξιοῖ·
356 2591 382 2687 ᾧ
406 2595 438 2683 μ’
465 2598 506 2664 οὐ
530 2595 725 2683 μετεμέλησε
747 2607 815 2662 τῶν
839 2595 962 2662 ἐνθάδε
984 2616 1086 2683 πρατ-

69 2702 236 2788 τομένων,
258 2703 341 2771 ἀλλά
363 2701 419 2771 καὶ
438 2703 492 2770 ἐπὶ
511 2702 735 2788 στρατοπέδου
753 2703 815 2786 τήν
834 2701 938 2786 αὐτήν
956 2700 1086 2766 ἀπεδεί-

70 2809 151 2888 ξατο
175 2809 349 2895 ἀκοσμίαν,
372 2811 457 2877 όπλα
479 2832 514 2874 τε
537 2808 637 2895 όίψας
659 2807 715 2875 καὶ
735 2807 843 2886 τάξεις
866 2807 1008 2873 ἐκλιπὼν
1031 2805 1086 2873 καὶ

1187 2251 1194 2290 λ

146 3042 160 3090 1
181 3037 388 3106 ἀπηλάσθησαν
406 3035 453 3090 Ba
471 3034 662 3105 ἀπηλάθησαν
679 3035 705 3088 Β
771 3040 787 3089 2
808 3029 839 3089 ἐν
857 3041 918 3097 ταῖς
937 3037 1086 3104 διανομαῖς

70 3105 180 3162 adm
248 3102 382 3180 ὅέβουλό
403 3126 439 3175 ην
458 3103 486 3160 δ’
508 3105 585 3161 ἀνΒ
654 3103 718 3162 6οί
735 3101 881 3174 ἐπίσκηνοι
900 3104 1085 3174 OpraeterB

70 3177 163 3233 9καὶ
181 3174 223 3232 ἐτι
241 3175 326 3232 πλέον
344 3180 369 3231 Α
418 3197 443 3234 κ.
463 3173 504 3231 ἐτι
521 3176 648 3232 πλείωΒ
757 3182 791 3230 13
810 3176 953 3246 σύμπασαι
971 3173 1085 3229 πάντων

70 3247 209 3321 βασιλέων
232 3264 255 3304 ο.
275 3247 379 3302 Reiske
478 3252 512 3302 14
535 3245 675 3317 δράσομέν
693 3268 720 3301 τι
739 3249 795 3317 είηε
813 3254 901 3301 ταῦτα
919 3245 945 3298 Α
967 3246 992 3301 δ.
1011 3263 1042 3299 τε
1061 3242 1088 3298 εί

69 3319 121 3374 καί
138 3320 272 3374 ταύταΒ
359 3325 392 3374 17
415 3317 465 3373 καλ
482 3334 537 3372 om.
556 3323 580 3372 A
666 3323 700 3373 18
724 3319 772 3372 δεῖ
785 3334 838 3373 om.
858 3318 881 3371 B
905 3319 910 3385 Ι
935 3316 1086 3385 φροντίδος

70 3392 121 3445 δεῖ
133 3390 183 3444 Bb
265 3395 300 3446 20
324 3387 378 3458 ἐθη
399 3388 421 3443 Ο
444 3387 504 3458 ήδη
524 3387 646 3456 Sylburg
670 3388 674 3460 ή
701 3388 759 3444 sive
778 3395 830 3442 νῦν
849 3387 903 3457 μὰρ
922 3385 1005 3457 δρᾶτε
1025 3385 1084 3440 sive

71 3461 156 3532 ὁρᾶτε
175 3461 328 3531 legendum
347 3475 408 3515 esse
427 3476 450 3515 ο.
469 3459 570 3514 Portus
