2484 3876
500 243 664 292 —z-
968 185 1088 307 ἐκ

72 390 108 458 δὲ
136 397 350 480 διχοστασίας
375 399 430 466 καὶ
456 399 611 484 πολέμων
634 399 822 486 ἐμφυλίων,
849 401 882 482 ἐξ
906 397 954 468 ών
976 406 1089 482 πόλεις

69 502 278 590 αὐτάνδρους
301 505 484 592 ἀπέφαινεν
503 507 692 593 ἀνῃρῆσθαι
712 505 768 573 καὶ
786 511 870 594 ἔθνη
890 509 951 576 ὅλα
970 510 1087 576 διολω-

66 607 171 676 λέναι·
199 618 406 698 παρακαλῶν
429 610 466 679 δέ
489 615 533 700 μή
556 615 597 679 τὰ
619 616 719 700 χείρω
741 615 910 701 αἱρεῖσθαι
932 618 997 700 πρὸ
1020 627 1087 682 των

63 721 269 800 κρειττόνων
299 719 381 805 ὀργή
405 717 656 806 ἐπιτρέψαντας,
683 718 754 786 ἀλλ’
780 720 817 787 ἐκ
839 727 1001 808 λογισμοῦ
1023 725 1086 789 σώ-

62 849 187 910 φρονος
223 827 265 890 τὰ
299 825 461 909 μέλλοντα
492 828 591 912 ὁρᾶν,
623 824 706 912 μηδὲ
732 839 801 905 τοῖς
828 831 993 906 κακίστοις
1019 841 1086 894 τῶν
1114 853 1127 896 τ

60 935 208 996 πολιτῶν
233 939 383 1018 χρῆσθαι
407 933 611 1017 συμβούλοις
632 932 708 1019 περὶ
730 945 798 1000 των
821 939 985 1019 μεγίστων
1007 936 1086 1018 βου-

60 1035 281 1122 λευομένους,
299 1036 383 1102 ἀλλὰ
400 1049 470 1116 τοῖς
482 1043 670 1124 κρατίστοις
683 1043 801 1124 σφίσιν
814 1036 901 1106 εἶναι
915 1042 1086 1125 δοκοῦσιν,

59 1139 113 1226 ὑφ’
137 1139 189 1209 ών
217 1133 407 1231 ᾔδεσαν(έν
429 1147 545 1232 είρήνη
568 1169 603 1211 τε
625 1145 680 1211 καὶ
698 1147 780 1212 κατὰ
798 1139 1085 1232 πολέμους>πολλδι
1196 1126 1226 1162 s

61 1248 285 1335 ὠφελημένην
307 1251 369 1335 τήν
391 1253 550 1337 πατρίδα,
574 1243 624 1329 οἷς
646 1251 708 1318 ούκ
731 1251 773 1318 ἀν
797 1253 1018 1321 δικαιώσωσιν
1041 1254 1086 1332 ώς

60 1356 364 1440 μεταβεβλημένοις
386 1359 447 1442 τήν
470 1359 575 1444 φύσιν
596 1356 754 1424 ἀπιστεῖν.
790 1359 828 1424 ἓν
847 1355 884 1425 δὲ
902 1343 1125 1459 κεφάλαιονῇ

1 1513 2 1516 ε
60 1457 99 1544 ήν
125 1462 294 1528 ἁπάντων
321 1474 388 1529 τῶν
411 1467 538 1548 λόγων,
565 1465 730 1548 μηδεμίαν
754 1465 875 1543 αὐτούς
897 1465 1084 1548 ἐπενεγκεῖν

1 1570 138 1635 ,ιεοοκατὰ
162 1579 230 1634 τοῦ
248 1573 408 1653 Μαρκίου
427 1579 554 1655 ψῆφον,
577 1569 662 1636 ἀλλὰ
680 1571 819 1656 μάλιστα
838 1567 899 1656 μὲν
919 1565 963 1636 δι’
981 1571 1084 1638 αὐτὸν

60 1674 197 1759 ἀφεῖναι
223 1684 283 1758 τῆς
306 1677 399 1760 δίκης
419 1678 479 1742 τὸν
502 1677 611 1761 ἄνδρα
629 1675 992 1761 ἀναμιμνησκομένους,
1014 1668 1085 1756 οἷος

1 1823 2 1870 η
59 1784 103 1858 είς
126 1784 168 1847 τδ
195 1782 296 1847 κοινὰ
320 1780 449 1866 ἐγένετο
472 1781 528 1848 καὶ
552 1784 652 1861 ὅσους
674 1783 897 1868 κατώρθωσεν
920 1779 1003 1865 ὑπὲρ
1026 1793 1084 1869 τής

1 1905 2 1970 3
59 1899 175 1973 κοινῆς
202 1887 396 1974 ἐλευθερίας
418 1912 453 1955 τε
476 1887 532 1955 καὶ
555 1889 732 1974 ἡγεμονίας
754 1889 933 1974 πολέμους,
961 1888 1016 1955 καὶ
1039 1891 1084 1968 ώς
1098 1913 1123 1956 ιτ

1 2035 2 2040 1
60 1995 134 2059 οίπε
153 1995 236 2060 ὅσια
254 1996 330 2060 οὔτε
346 1997 456 2061 δίκαια
470 1997 546 2061 οὔτε
561 1997 771 2080 προσήκοντα
785 2001 880 2081 σφίσι
893 1998 1083 2080 ποιήσουσι,
1153 1981 1193 2036 ²²

59 2105 171 2184 λόγων
205 2097 268 2185 μὲν
298 2102 386 2189 αύτῷ
416 2112 697 2187 μνησικακοῦντες
725 2103 880 2187 φαύλων,
910 2105 1017 2186 ἐργων
1047 2100 1078 2168 δ’

60 2206 320 2293 ἀχαριστοῦντες
350 2213 471 2274 καλῶν.
521 2204 607 2273 εἶναι
641 2204 678 2273 δέ
707 2207 762 2273 καί
791 2210 849 2274 τὸν
878 2209 996 2294 καιρὸν
1025 2217 1117 2291 τής4

60 2312 213 2397 ἀφέσεως
239 2315 360 2398 καλόν,
388 2314 441 2378 ὅτε
469 2310 500 2397 γ’
528 2313 627 2391 αὐτὸς
652 2313 725 2397 ήκει
751 2312 904 2399 παρέχων
926 2315 964 2379 τὸ
988 2323 1081 2397 σῶμα

59 2433 127 2497 τοῖς
145 2421 326 2505 διαφόροις
343 2417 398 2484 καλ
416 2418 574 2505 στέρξων,
597 2419 616 2484 ὅ
634 2444 666 2485 τι
684 2419 726 2485 ἀν
745 2418 865 2485 ἐκείνοι
884 2417 959 2503 περὶ
977 2419 1080 2485 αὐτοῦ
1094 2445 1121 2485 εο

61 2528 256 2609 διαγνῶσιν.
301 2528 333 2590 εί
359 2523 390 2590 δ’
418 2527 479 2611 οὐχ
508 2518 578 2591 οἷοί
602 2524 639 2591 τέ
664 2527 728 2591 είσι
751 2527 977 2591 διαλύσασθαι
999 2528 1082 2607 πρὸς

62 2631 202 2714 ἐκεῖνον,
226 2631 312 2696 ἀλλὰ
329 2637 478 2717 χαλεπῶς
495 2629 551 2696 καὶ
571 2631 798 2717 ἀπαραιτήτως
816 2633 961 2717 ἔχουσιν,
980 2631 1081 2698 ἐνθυ-

64 2735 241 2822 μηθέντας,
264 2737 315 2802 ὅτι
333 2737 353 2821 ή
372 2739 478 2823 βουλή
498 2736 681 2822 δεησομένη
700 2734 776 2822 περὶ
795 2738 898 2804 αὐτοῦ
915 2737 1080 2823 πάρεισιν,

63 2843 180 2928 ἀνδρες
205 2844 242 2907 οί
261 2843 430 2929 κράτιστοι
453 2853 510 2928 τῆς
532 2846 659 2920 πόλεως
680 2846 880 2927 τριακόσιοι,
902 2851 1025 2910 παθεῖν
1048 2870 1080 2909 τι

63 2947 115 3014 καὶ
137 2949 385 3032 ἐπικλασθῆναι
407 2950 464 3026 τὰς
486 2951 631 3034 γνώμας,
653 2947 708 3014 καὶ
731 2950 776 3034 μή
795 2946 840 3014 δι’
862 2947 937 3026 ἑνὸς
955 2949 1079 3036 ἐχθροῦ
1093 2977 1120 3018 τε

64 3059 221 3143 τιμωρίαν
254 3057 425 3121 τοσούτων
458 3054 574 3138 δέησιν
606 3055 804 3121 ἀπώσασθαι
835 3059 960 3141 φίλων,
996 3057 1079 3122 ἀλλὰ

128 3292 145 3339 5
169 3289 300 3353 προορᾶν
325 3298 346 3336 e.
366 3281 510 3353 Kiessling
534 3282 604 3352 δρᾶν
629 3282 683 3339 del.
702 3281 810 3351 Kayser
827 3281 898 3336 Ann.
918 3280 988 3349 phil.
1010 3285 1077 3334 1868

64 3375 86 3424 p.
102 3360 152 3409 811
211 3361 229 3408 9
249 3355 366 3416 δικαίως
383 3354 430 3406 Ba
448 3355 635 3408 δικαιώσωσιν
654 3353 731 3408 ABb
751 3353 819 3408 ὥστε
838 3354 889 3407 ούκ
908 3349 945 3404 ἂν
964 3353 1078 3413 δικαίως

64 3459 93 3468 -
110 3428 243 3480 ἀπιστεῖν
262 3441 285 3479 c.
305 3423 451 3494 Kiessling
470 3423 512 3487 οἷς
531 3427 582 3479 οὔκ
601 3423 638 3478 διν
657 3426 816 3484 δικαίως·-
827 3424 971 3476 ἀπιστοῖεν
990 3420 1078 3473 Cobet

64 3497 122 3552 obs.
141 3515 171 3567 p.
188 3501 241 3550 149
317 3501 350 3549 12
370 3493 409 3549 δι’
426 3495 513 3550 αὐτὸν
532 3496 578 3548 Ba
598 3492 637 3548 δι’
655 3495 747 3547 αὐτῶν
765 3492 842 3545 ABb
915 3494 948 3540 14
968 3488 1033 3548 ὅσας
1053 3494 1076 3540 Α
