2484 3876
167 181 233 246 ιον
576 161 622 222 “-
659 185 688 236 11
723 213 756 222 -

165 349 319 420 πλεῖστος
340 342 462 410 αὐτόθι
488 355 557 409 τῶν
581 344 804 411 Οὐολούσκων
831 343 959 429 ἐγένετο
983 340 1039 410 καὶ
1061 345 1170 429 χρόνος

165 459 225 533 τῆς
250 453 460 536 τειχομαχίας
485 453 591 527 πολὺς
618 461 680 517 τού
705 475 741 516 τε
767 455 942 537 κρατήσειν
969 459 1029 534 τῆς
1055 452 1170 524 πόλεως

166 557 293 641 ἀπορος
314 556 437 622 ἅπασιν
459 555 480 640 ἡ
504 554 604 634 ἐλπίς.
650 556 734 622 ἀλλά
754 567 823 622 τῶν
844 554 1083 640 ἀπολλυμένων
1100 555 1172 636 ἀδη-

167 669 229 728 λον
261 661 365 728 ἐποίει
396 663 459 746 τὴν
488 661 653 729 ἀπουσίαν
684 664 703 729 δ
736 664 916 749 στρατηγὸς
946 660 1171 735 ἀντικαθιστὰς

139 766 311 855 εὲτὲρονς,
332 779 407 840 τῶν,
422 763 461 834 δὲ
482 772 679 854 καμνόντων
695 770 929 856 παρεθάρρυνε
950 768 1015 851 τὴν
1033 766 1171 850 ἀθυμίαν

166 873 221 941 ἐπὶ
247 877 285 942 τὸ
313 885 443 942 πονοῦν
470 874 569 961 μέρος
594 884 653 960 τῆς
680 884 833 962 στρατιᾶς
855 876 955 952 αὐτὸς
978 874 1171 956 ὠθούμενος.

165 977 210 1066 ἦν
243 979 276 1047 δ’
304 981 365 1067 οὐχ
399 982 418 1049 δ
454 984 553 1066 λόγος
588 981 692 1049 αὐτοῦ
728 985 833 1066 μόνον
864 980 1037 1065 ἐπαγωγὸς
1068 979 1113 1054 είς
1140 977 1171 1040 τὸ

166 1089 327 1173 εὔψυχον,
349 1087 434 1153 ἀλλά
455 1087 511 1153 καὶ
533 1089 573 1153 τά
592 1090 681 1174 ἔργα.
725 1088 832 1154 πάντα
849 1089 913 1175 γάρ
932 1089 1095 1173 ὑφίστατο
1112 1087 1172 1148 κίν-

168 1195 274 1259 δυνον
295 1191 352 1258 καὶ
374 1193 532 1279 οὐδεμιᾶς
553 1199 669 1281 πείρας
695 1195 897 1280 ἀπελείφθη,
925 1193 1017 1270 τέωςΙ
1039 1189 1120 1256 ἕάλω
1140 1189 1171 1252 τὸ

127 1281 284 1394 Ξὲτεϊχος.
320 1303 485 1385 κρατήσας
505 1298 543 1366 δὲ
560 1299 616 1367 καὶ
633 1303 754 1386 ταύτης
772 1303 835 1367 σύν
852 1302 964 1389 χρόνῳ
982 1307 1043 1382 τῆς
1059 1299 1171 1368 πόλεως

166 1403 308 1471 καὶτῶν
327 1404 478 1472 ἁλόντων
496 1408 574 1484 τοὺς
591 1403 652 1492 μὲν
670 1405 707 1472 ἐν
721 1416 841 1493 χειρῶν
859 1408 953 1494 νόμφ
972 1404 1171 1488 διαφθείρας,

165 1514 245 1589 τούς
272 1509 304 1576 δ’
330 1513 558 1597 αἰχμαλώτους
584 1513 696 1598 λαβὼν
724 1511 827 1596 ἀπῆγε
853 1511 915 1594 τὴν
944 1512 1091 1594 δύναμιν
1113 1505 1170 1570 ε’πι-

167 1618 376 1703 φανεστάτην
398 1621 497 1703 νίκην
518 1616 769 1703 ἐξενεγκάμενος
790 1616 846 1683 καὶ
868 1616 1004 1702 λάφυρα
1027 1615 1170 1681 κάλλισια

167 1722 223 1790 καὶ
240 1729 377 1789 πλεῖστα
395 1725 498 1808 ἀγων,
515 1727 663 1811 χρήμασί
676 1748 711 1790 τε
729 1726 943 1808 παμπόλλοις,
962 1717 1012 1788 ὧν
1027 1716 1169 1805 ἐγκρατὴς

127 1848 155 1890 15
168 1827 314 1912 ἐγίνετο·
345 1826 389 1914 ἦν
419 1824 450 1895 δ’
481 1830 604 1897 αὐτόθι
633 1830 696 1896 ὅσα
727 1829 764 1896 όν
797 1828 911 1896 οὐδενὶ
938 1840 1008 1895 τῶν
1035 1827 1220 1892 ἀλόντωνιιιι

168 1939 315 2021 χωρίων·
338 1939 519 2013 πλουτίσας
540 1937 602 2019 τὴν
624 1935 790 2023 στρατιάν.

235 2041 323 2108 ΧΧΙ.
366 2044 464 2108 Μετά
496 2051 594 2109 τοῦτο
625 2043 716 2127 χώρα
742 2039 794 2126 θ’,
827 2043 909 2126 ὅσην
939 2040 1169 2127 διαπορεύοιτο,

166 2148 357 2234 ὑποχείριος
378 2143 421 2233 ἦν
443 2146 500 2214 καλ
521 2152 617 2225 πόλις
644 2149 783 2232 οὐδεμία
808 2148 1007 2232 ἠναντιοῦτο
1032 2146 1091 2226 ἔξω
1112 2145 1169 2207 Λα-

168 2259 313 2340 ουινίου,
330 2254 374 2338 ἣν
391 2256 526 2341 πρώτην
543 2276 579 2319 τε
597 2255 696 2319 πόλιν
715 2255 750 2318 οί
765 2256 829 2319 σὺν
847 2256 966 2340 Αίνείηι
979 2252 1169 2346 κατάραντες

129 2380 157 2420 2⁰
170 2365 219 2440 είς
237 2360 381 2428 Ἰταλίαν
414 2364 524 2446 Τρῶες
551 2361 699 2443 ἔκτισαν,
728 2358 783 2426 καὶ
811 2356 868 2444 ἀφ’
894 2355 934 2444 ἧς
961 2362 999 2426 τὸ
1019 2355 1172 2441 Ῥωμαίων

169 2464 212 2552 ἦν
235 2467 347 2551 γένος,
373 2467 418 2544 ὡς
444 2462 500 2531 καὶ
525 2469 689 2552 πρότερόν
712 2491 769 2550 μοι
796 2467 987 2550 δεδήλωται.
1037 2465 1072 2530 οί
1091 2457 1119 2526 δ’
1140 2455 1171 2521 ἐν

168 2576 271 2662 ταύτῃ
299 2581 528 2650 κατοικοῦντες
554 2573 662 2638 πάντα
689 2574 850 2659 πρότερον
878 2570 984 2660 ς’όοντο
1009 2573 1080 2636 δεῖν
1102 2566 1171 2631 ὑπο-

169 2678 299 2765 μένειν,
326 2679 347 2762 ἢ
375 2680 412 2744 τὸ
440 2681 523 2763 πρὸς
540 2681 619 2755 τοὺς
642 2677 828 2761 ἀπογόνους
855 2688 950 2763 σφῶν
975 2669 1168 2762 [Ῥωμαίους]

131 2786 287 2850 2πιστὸν
302 2781 541 2866 ἐγκαταλιπεῖν.
576 2781 731 2866 ἐγίνοντο
750 2781 811 2868 μὲν
826 2777 888 2850 οὐν
905 2781 961 2848 καὶ
979 2777 1169 2870 τειχομαχίαι

241 2937 363 3001 λπολύς
381 2939 477 2992 om.B
552 2943 616 2992 λτε
635 2935 658 2989 Β
677 2935 708 2992 δὲ
728 2937 753 2990 R
777 2943 782 3004 1
807 2941 840 2994 οὐ
859 2938 980 3008 λόγοςΒ
1004 2941 1009 3008 Ι
1035 2926 1168 2994 ἔτιλΟείς

168 3006 317 3077 Kiessling
396 3005 655 3080 8ὑφίοτατ<ο>Β
738 3009 788 3063 9*
803 3007 854 3072 ἕως
874 3013 896 3064 O
916 3009 1024 3064 correxi
1101 3011 1129 3060 10
1141 2998 1167 3054 δὲ

168 3078 324 3142 ταύταιςΒ
415 3084 449 3134 15
471 3088 527 3135 τῶν
545 3077 636 3133 ἀλλων
663 3075 771 3149 χωρίων
799 3096 820 3135 ο.
839 3079 984 3150 Kiessling
1010 3090 1067 3140 τῶν
1090 3077 1166 3132 ἀλλων

168 3160 224 3206 τῶν
253 3149 377 3205 ἁλόντων
403 3167 426 3205 ο,
455 3149 585 3204 Hertlein
610 3149 727 3205 Hermes
746 3149 837 3207 xm
930 3159 963 3206 17
981 3153 1076 3224 χώραν
1091 3145 1137 3203 ΑΒ
1161 3139 1164 3210 λ

168 3221 385 3292 διαπορεύοιντο
401 3221 428 3276 A
518 3227 551 3277 19
570 3240 601 3291 γε
621 3220 644 3277 O
667 3240 698 3276 τε
716 3221 820 3276 Reiske
910 3229 944 3278 22
965 3223 1060 3278 πάντα
1076 3217 1167 3290 τρόπον

168 3296 220 3350 ΑΟ
293 3299 328 3349 23
346 3293 486 3364 πογόνους
503 3293 549 3346 Ba
567 3292 724 3363 προγόνους
737 3292 812 3347 ABb
832 3310 901 3349 corr.
921 3293 1044 3365 Sylburg
1068 3299 1072 3364 Ι
1094 3287 1165 3367 ¹⁸³le

171 3368 273 3489 χραίρνς
299 3365 374 3434 quod
396 3365 427 3420 in
450 3363 638 3420 deterioribus
662 3363 758 3433 deest,
783 3364 814 3418 in
836 3364 889 3420 AB
912 3367 1014 3434 σκεύει,
1038 3363 1112 3420 uncis
1131 3372 1165 3410 111·

167 3453 240 3491 ααει
