2508 3882
482 205 579 259 -2H
618 237 650 247 -
1008 205 1070 270 251

66 367 206 458 ἐναίτίηι
234 372 312 446 τοὺς
338 368 521 453 προτέρους
546 363 638 453 εἶχον
667 369 857 454 δημάρχους
886 369 933 446 ὡς
954 370 1073 453 προδε-

66 477 204 552 δωκότας
237 478 275 541 τὸ
307 479 436 542 κοινόν·
470 474 636 558 ἐκκλησίαι
667 497 703 540 τε
733 485 882 560 συνεχεῖς
910 475 976 540 ὑπὸ
1006 485 1073 540 τῶν

65 585 128 648 τότε
155 582 339 668 δημάρχων
368 579 518 663 ἐγίνοντο
546 579 602 646 καί
631 579 821 663 ἀπαιτήσεις
848 589 907 665 τής
933 580 1072 666 ὑποσχέ-

65 704 146 765 σεως.
192 697 299 754 ταῦτα
320 689 513 764 συνιδόντες
524 687 567 753 υί
581 687 701 753 ύπατυι
719 688 857 772 γνώμην
875 685 1072 771 ἐποιήσαντο

65 792 210 878 πολέμων
239 794 404 879 προφάσει
431 794 469 858 τὸ
496 802 704 875 παρακινοῦν
734 791 770 858 ἐν
793 801 832 877 τῇ
855 796 950 859 πόλει
972 791 1073 878 μέρος
1099 814 1113 855 σ

65 898 112 964 καί
132 903 379 985 ταραττόμενον
401 904 621 994 καταστεῖλαι·
653 901 745 984 ἔτυχε
768 900 831 983 γάρ
856 897 892 964 ἐν
914 909 959 987 τςδ
984 899 1072 986 αὐτῷ
1187 929 1197 958 ι

64 1009 164 1094 χρόνῳ
193 1008 387 1092 λῃστηρίοις
417 1027 451 1069 τε
480 1005 545 1070 ὑπὸ
576 1015 644 1071 τῶν
671 1006 910 1090 πλησιοχώρων
941 1008 1073 1071 πόλεων

65 1109 112 1176 καὶ
132 1113 359 1197 καταδρομαῖς
376 1127 464 1177 τισιν
482 1111 503 1195 ἡ
522 1121 564 1195 γῆ
583 1109 801 1197 βλαπτομένη.
837 1115 995 1196 τιμωρίας
1010 1107 1107 1195 μέν3

66 1218 101 1300 δή
121 1229 188 1284 τῶν
211 1217 423 1284 ἀδικούντων
446 1216 542 1283 ἕνεκα
564 1217 759 1303 προῦθεσαν
781 1220 821 1283 τά
844 1227 904 1284 τοῦ
926 1217 1073 1303 πολέμου

67 1335 184 1408 σημεῖα,
213 1322 271 1390 καί
293 1325 352 1401 τὰς
373 1324 531 1406 δυνάμεις
553 1332 610 1407 τής
632 1327 760 1400 πόλεως
780 1321 1003 1410 κατέγραφον·
1032 1325 1073 1392 ού
1088 1349 1113 1388 ιο

66 1433 267 1514 προσιόντων
296 1425 332 1494 δέ
359 1437 398 1520 τῇ
425 1437 619 1514 καταγραφῇ
651 1439 719 1494 τῶν
746 1429 880 1514 ἀπόρων
912 1428 1072 1496 ἀδύνατοι

68 1537 151 1614 όντες
167 1539 231 1622 τήν
252 1536 287 1602 ἐκ
305 1548 373 1602 τῶν
390 1539 505 1620 νόμων
522 1535 671 1620 ἀνάγκην
688 1546 758 1612 τοῖς
775 1534 953 1602 ἀπειθοῦσι
971 1553 1073 1619 προσ-

68 1641 185 1726 φέρειν·
215 1645 475 1728 προειστήκεσαν
502 1643 566 1727 γὰρ
596 1651 656 1709 τοῦ
679 1644 831 1727 πλήθους
854 1642 889 1707 οί
910 1643 1073 1729 δήμαρχοι

22 1747 115 1814 ιτυτιαὶ
139 1751 305 1816 κωλύσειν
328 1752 482 1834 ἔμελλον,
509 1754 616 1825 εἴτις
643 1746 880 1834 ἐπιχειρήσειεν
904 1748 924 1831 ή
947 1750 987 1814 τά
1010 1751 1073 1815 σώ·

69 1878 141 1937 ματα
162 1866 231 1922 τῶν
256 1854 478 1922 ἐκλειπόντων
501 1855 563 1937 τήν
582 1858 755 1940 στρατείαν
774 1856 869 1939 άγειν
889 1854 909 1939 ή
931 1857 972 1921 τά
995 1858 1073 1942 χρή·
1088 1875 1112 1916 ιε

70 1985 142 2042 ματα
172 1961 305 2048 φέρειν·
344 1961 504 2038 ἀπειλαῖς.
529 1961 730 2047 χρησάμενοι
765 1967 903 2040 πολλαῖς
935 1963 980 2039 ὡς
1011 1961 1072 2028 οὐκ

70 2065 290 2154 ἐπιτρέψοντες
315 2079 387 2146 τοῖς
419 2067 611 2160 ἀνασείουσι
643 2069 681 2133 τὸ
712 2073 856 2152 πλῆθος,
888 2073 1072 2152 λεληθυῖαν
1126 2097 1133 2136 ι

71 2172 207 2253 ὑποψίαν
220 2173 398 2242 κατέλιπον
409 2175 454 2251 ὡς
467 2169 644 2259 δίκτάτυρα
658 2173 898 2256 ἀποδείξοντες,
912 2173 949 2250 ὃς
958 2175 1072 2258 ἔμελλε

70 2284 243 2360 καταλύσας
268 2283 326 2358 τοῖς
352 2282 454 2358 ἄλλας
481 2279 584 2365 ἀρχάς
610 2282 672 2365 τήν
699 2281 902 2365 τυραννικήν
929 2277 991 2368 καὶ,
1014 2278 1073 2343 άν-

71 2389 253 2456 νπεύθυνυν
271 2391 374 2473 μόνος
392 2385 478 2465 ἕξειν
496 2384 659 2464 ἐξουσίαν.
692 2386 738 2463 ὡς
755 2382 792 2450 δέ
810 2385 933 2470 ταύτην
952 2369 1113 2480 ἐλαβυνζέΟ

72 2491 121 2573 τήν
141 2495 305 2562 ὑπόνοιαν
327 2495 363 2560 οί
383 2495 567 2577 δημοτικοί,
591 2493 769 2574 δείσαντες,
792 2491 835 2575 μή
854 2493 914 2556 τὸν
928 2489 1072 2557 ’Ἀππιυν

72 2595 257 2679 ἀποδείξωσι
280 2602 401 2683 πικρὸν
423 2601 503 2664 όντα
525 2595 581 2663 καὶ
603 2600 759 2682 χαλεπόν,
781 2597 887 2662 πάντα
910 2599 973 2683 πρὸ
994 2598 1072 2662 τού-

73 2727 120 2769 του
140 2709 280 2792 πάσχειν
301 2703 476 2790 ὑπέμενον.

126 2811 289 2878 LXXXII.
343 2809 431 2877 Ἐπεὶ
464 2808 501 2876 δὲ
531 2810 720 2895 κατεγράφη
758 2811 797 2874 τά
834 2811 1072 2895 στρατεύματα,

73 2922 307 3004 παραλαβόντες
334 2919 370 2985 υί
395 2918 515 2984 ὕπατοι
546 2919 604 2994 τὰς
636 2916 795 3001 δυνάμεις
827 2915 987 3000 ἐξήγαγον
1019 2915 1072 2982 ἐπὶ
1087 2936 1113 2978 τε

73 3025 136 3100 τούς
155 3028 345 3111 πολεμίους.
389 3026 578 3110 Κορνήλιος
599 3019 661 3106 μέν
683 3017 746 3088 υύν
764 3024 812 3099 είς
833 3024 895 3106 τήν
914 3023 1073 3088 Οὐιεντα-

74 3138 131 3194 νῶν
159 3133 272 3217 χώραν
301 3130 454 3216 ἐμβαλὼν
480 3131 543 3213 τήν
574 3127 882 3214 ἐγκαταληφθεῖσαν
911 3133 1004 3194 λείαν
1035 3128 1073 3194 έν

132 3328 147 3376 3
165 3320 376 3396 ἀτκαι>τήσεις
394 3323 416 3374 Β
506 3326 523 3374 4
541 3320 700 3382 συνειδότες
717 3319 768 3375 Ac
859 3326 875 3374 6
894 3323 1073 3374 καταστεῖλαι

75 3388 127 3444 εδδ.
144 3393 247 3464 ACmg
320 3397 336 3446 8
355 3391 407 3462 μὲν
426 3390 490 3446 αδδ.
510 3393 534 3444 A
613 3399 645 3446 15
666 3386 836 3445 ἐκλιπόντων
854 3390 880 3443 A
898 3383 1073 3463 ἐκλ<ι>πόν·

75 3477 118 3512 τυν
134 3463 178 3518 Bb
252 3468 285 3518 18
305 3461 540 3536 κατέλ<ι>πονΒ
614 3469 647 3516 27
668 3457 942 3531 ἐγκαταλειφθεῖσαν
961 3460 987 3514 Α
