2484 3876
566 225 735 275 ..H-

141 384 322 465 παθόντες,
349 385 408 450 τὸν
431 384 560 469 δίπορον
586 383 641 449 καὶ
668 382 821 450 ἀνέστιον
843 378 898 447 καὶ
920 379 1080 446 ταπεινὸν
1102 371 1167 440 καὶ

104 487 262 553 4όίπολιν
288 487 489 569 ὑπεδέξαντό
516 514 556 577 με
583 501 657 568 ταῖς
685 489 812 556 ἑαυτῶν
837 492 961 555 πόλεσι.
1010 480 1068 549 καὶ
1096 481 1167 548 οὐκ
1196 505 1210 518 ·

141 592 265 679 ἀπέχρη
293 596 407 675 αὐτοῖς
433 605 531 664 τοῦτο
560 601 718 681 ποιήσασι
749 599 855 681 μόνον
887 594 974 661 οὕτω
1003 591 1166 674 λαμπρὸν

139 697 196 764 καί
222 705 456 787 μεγαλόψυχον
488 706 604 790 ἔργον,
634 703 718 769 ἀλλὰ
749 701 805 768 καὶ
836 703 1006 767 πολιτείαν
1033 694 1166 762 ἔδοσάν

114 821 198 887 εμοι
217 804 254 870 ἐν
273 805 413 885 ἁπάσαις
430 820 502 886 ταῖς
520 807 648 875 ἑαυτῶν
661 812 778 876 πόλεσι
795 806 850 874 καὶ
864 807 967 892 ἀρχὰς
979 801 1034 870 καὶ
1050 801 1166 886 τιμάς,

140 913 178 973 αἳ
197 909 348 994 με’γισται
374 911 451 1000 παρ’
479 915 593 992 αὐτοῖς
618 918 715 982 είσιν.
761 913 804 980 ἐῶ
827 908 942 980 τᾶλλα·
970 911 1056 977 ἀλλὰ
1077 905 1166 974 νυνὶ

140 1018 325 1100 στρατηγὸν
345 1016 582 1107 ἀποδεδείχασί
597 1045 636 1106 με
655 1011 883 1106 αὐτοκράτορα
900 1028 958 1103 τῆς
976 1017 1166 1102 ὑπερορίου

139 1131 295 1203 στρατιᾶς
311 1121 367 1186 καὶ
385 1125 493 1190 ποίντα
511 1127 551 1191 τὰ
568 1128 665 1192 κοινὰ
684 1125 734 1192 ἐπ’
753 1125 826 1211 ἐμοὶ
843 1129 1040 1209 πεποιήκασι
1054 1124 1167 1210 μόνῳ.

103 1221 218 1307 ὅφίρε
245 1227 303 1308 δή,
331 1231 407 1292 τίνα
434 1232 548 1314 λαβὼν
574 1235 717 1318 καρδίαν
743 1234 907 1318 προδοίην
934 1230 977 1296 ἀν
1004 1232 1052 1294 ἔτι
1080 1228 1238 1292 τού-1578

99 1344 124 1384 1⁰
138 1351 231 1413 τους,
262 1329 321 1416 ὑφ’
352 1328 401 1399 ὧν
427 1341 638 1418 τηλικαύταις
664 1342 867 1424 κεκόσμημαι
894 1347 1018 1422 τιμαῖς,
1051 1331 1167 1400 οὐδὲν

138 1433 214 1498 οὔτε
246 1441 359 1520 μεῖζον
390 1438 461 1506 οὔτ’
497 1446 633 1510 ἔλαττον
665 1444 853 1530 ἀδικηθείςς
886 1445 917 1509 εί
947 1443 992 1528 μὴ
1024 1443 1091 1527 α”ρα
1127 1441 1169 1504 αἱ

136 1538 267 1621 χάριτες
294 1543 405 1609 αὐτῶν
432 1545 588 1614 ἀδικοῦσί
607 1573 660 1634 με,
688 1551 798 1634 ὥσπερ
822 1551 909 1635 ὑμᾶς
931 1550 969 1614 αί
989 1547 1078 1632 ἐμαί·
1101 1571 1166 1611 κα-

136 1646 200 1725 λην
226 1669 264 1728 γε
292 1646 395 1725 δόξαν
422 1657 506 1717 οίσει
535 1677 592 1737 μοι
615 1658 704 1737 παρὰ
727 1666 831 1722 πᾶσιν
853 1655 1049 1739 ἀνθρώποις
1072 1677 1166 1736 γνω-

137 1753 256 1812 σθεῖσα
278 1750 298 1831 ἡ
321 1759 598 1838 παλιμπροδοσία.
643 1765 694 1839 τίς
722 1759 753 1827 δ’
783 1761 873 1844 [οὐκ]
902 1761 945 1827 διν
973 1757 1167 1826 ἐπαινέσειέ

96 1865 122 1904 ιι
135 1871 176 1931 με
199 1849 354 1937 ἀκούσας,
379 1858 429 1923 ὅτι
450 1864 528 1940 τοὺς
551 1861 613 1948 μὲν
636 1871 766 1953 φίλους,
793 1865 855 1950 ὑφ’
876 1863 931 1933 ,ὧν
953 1862 993 1932 εὖ
1016 1866 1165 1951 πάσχειν

135 1977 192 2035 μοι
214 1968 371 2044 προσῆκε,
398 1971 577 2050 πολεμίους
599 1973 721 2057 εὑρών,
748 1977 828 2051 τοὺς
851 1972 883 2040 δ’
910 1974 1066 2060 ἐχθρούς,
1093 1969 1159 2056 ὑφ’

135 2050 183 2120 ὧν
206 2057 306 2145 ἐχρῆν
328 2089 369 2149 με
391 2068 611 2161 ἀπολωλέναι,
634 2082 768 2164 φίλους,
791 2078 866 2146 ἀντὶ
885 2089 946 2146 τοῦ
965 2091 1077 2164 μισεῖν
1096 2074 1165 2162 μὲν

133 2163 174 2225 τὰ
205 2176 383 2255 μισοῦντα,
415 2182 527 2259 φιλεῖν
560 2178 598 2247 δὲ
626 2185 667 2248 τδ
694 2190 876 2271 φιλοῦντα,
908 2187 972 2270 τὴν
999 2184 1164 2250 ἐναντίαν

135 2268 272 2354 γνώμην
295 2277 407 2360 ἔσχον;

93 2384 120 2424 ²⁰
199 2371 353 2442 XXXIII.
381 2380 450 2448 Ἴθι
474 2387 516 2471 δὴ
540 2394 654 2456 σκόπει
676 2391 733 2458 καὶ
760 2396 800 2460 τὰ
826 2397 918 2483 παρὰ
940 2403 1052 2480 θεῶν,
1081 2401 1164 2480 Μη-
1192 2404 1197 2414 ’

132 2473 242 2559 υόκιε,
272 2473 325 2546 old
354 2507 411 2566 μοι
440 2499 505 2555 νῦν
535 2491 562 2556 τ’
589 2495 772 2582 ἀπήντηται
801 2506 873 2586 καί,
904 2502 965 2568 ἐὰν
997 2504 1065 2589 όίρα
1088 2523 1164 2567 πει-

133 2577 226 2654 σθεὶς
248 2583 328 2666 ὑμῖν
350 2593 464 2672 προδῶ
488 2597 549 2676 τὴν
572 2602 701 2668 τούτων
723 2609 848 2692 πίστιν,
872 2600 928 2674 οἷα
951 2611 1012 2676 τὸν
1036 2611 1164 2676 λοιπὸν

132 2677 270 2764 ὑπάρξει
292 2710 348 2768 μοι
369 2695 455 2770 βίον.
500 2709 566 2763 νῦν
588 2703 650 2785 μέν
673 2731 711 2788 γε
734 2711 842 2794 πόσης
865 2713 1027 2799 πράξεως,
1052 2711 1094 2798 ἧς
1116 2715 1164 2780 ἂν

132 2779 265 2863 ἅψωμαι
287 2789 363 2852 καθ’
391 2793 497 2880 ὑμῶν,
520 2808 797 2889 συλλαμβάνουσί
816 2841 886 2901 μοι,
914 2817 972 2884 καὶ
997 2821 1164 2906 οὐδεμιᾶς

93 2931 118 2969 2⁵
131 2885 247 2965 πείρας
272 2888 497 2979 ἀποτυγχάνω.
542 2902 598 2969 καὶ
624 2920 723 2978 τοῦτο
750 2925 895 3003 πηλίκον
927 2931 1045 2990 οἴεσθε
1070 2922 1228 2992 εἶναιιιιθ

131 2991 307 3078 τεκμήριον
329 2998 497 3084 εὐσεβείας
518 3016 575 3090 τῆς
597 3009 691 3096 ἐμῆςς
716 3023 749 3084 εί
765 3026 829 3112 γὰρ
849 3029 892 3111 δὴ
911 3032 998 3095 κατὰ
1016 3041 1078 3116 τῆς
1097 3054 1163 3098 πα-

130 3278 176 3332 del
203 3215 389 3336 ἔπΙχοίριτες
406 3217 445 3307 Β,
485 3226 519 3275 14
536 3226 621 3284 πόλιν
639 3241 780 3317 προδοσία
799 3246 822 3301 Ο
843 3268 915 3306 corr.
935 3255 1068 3328 sylburg
1107 3261 1161 3314 οὐκ

130 3321 194 3399 Ob&
220 3299 239 3348 y
255 3302 323 3409 1χχχ
338 3289 342 3356 Ι
358 3282 612 3418 όμχιὸτυσχλιὲνμοιῂο.
630 3302 736 3367 Βιειελιε
751 3311 934 3404 1ἐπιτιμήσειέ
948 3346 1000 3394 μοι
1019 3345 1045 3384 ο.
1108 3329 1161 3385 bet

212 3366 231 3416 p
436 3377 461 3481 g
525 3380 571 3423 Se
605 3374 637 3425 16
657 3374 779 3451 ἐχθρους
797 3387 854 3445 del.
875 3393 969 3450 Cobet
988 3398 1009 3453 l.
1025 3399 1045 3452 l.
1123 3407 1158 3456 21

128 3410 221 3486 (νῦν)
239 3419 262 3471 Β
326 3432 360 3482 26
379 3423 416 3482 αὖ
478 3430 513 3499 δὴ
532 3431 621 3492 Cobet
639 3441 704 3504 Obs.
723 3469 752 3520 p.
769 3462 818 3512 161
840 3459 869 3514 εί
886 3463 942 3534 γδιρ
963 3467 1002 3537 δὴ
1022 3467 1062 3524 ἂν
1082 3470 1161 3526 Prou
