<?xml version="1.0" encoding="UTF-8"?>
<!DOCTYPE html PUBLIC "-//W3C//DTD XHTML 1.0 Transitional//EN"
    "http://www.w3.org/TR/xhtml1/DTD/xhtml1-transitional.dtd">
<html xmlns="http://www.w3.org/1999/xhtml" xml:lang="en" lang="en">
 <head>
  <title>
</title>
<meta http-equiv="Content-Type" content="text/html;charset=utf-8" />
  <meta name='ocr-system' content='tesseract 3.04.00' />
  <meta name='ocr-capabilities' content='ocr_page ocr_carea ocr_par ocr_line ocrx_word'/>
</head>
<body>
  <div class='ocr_page' id='page_1' title='image "./antiquitatumrom02jacogoog_0131.png"; bbox 0 0 2484 3876; ppageno 0'>
   <div class='ocr_carea' id='block_1_1' title="bbox 61 229 750 292">
    <p class='ocr_par' dir='ltr' id='par_1_1' title="bbox 61 229 750 292">
     <span class='ocr_line' id='line_1_1' title="bbox 61 229 750 292; baseline 0 0"><span class='ocrx_word' id='word_1_1' title='bbox 61 229 232 292; x_wconf 80' lang='lat'>·102</span> <span class='ocrx_word' id='word_1_2' title='bbox 589 231 750 280; x_wconf 81' lang='grc' dir='ltr'><strong><em>-Ζ-</em></strong></span> 
     </span>
    </p>
   </div>
   <div class='ocr_carea' id='block_1_2' title="bbox 125 387 1238 3018">
    <p class='ocr_par' dir='ltr' id='par_1_2' title="bbox 125 387 1238 3018">
     <span class='ocr_line' id='line_1_2' title="bbox 165 387 1238 474; baseline -0.001 -20"><span class='ocrx_word' id='word_1_3' title='bbox 165 387 459 474; x_wconf 74' lang='grc' dir='ltr'><strong><em>διαριθμουμένων</em></strong></span> <span class='ocrx_word' id='word_1_4' title='bbox 491 400 557 454; x_wconf 83' lang='grc' dir='ltr'><strong><em>τῶν</em></strong></span> <span class='ocrx_word' id='word_1_5' title='bbox 589 390 711 474; x_wconf 70' lang='grc' dir='ltr'><strong><em>νήφων</em></strong></span> <span class='ocrx_word' id='word_1_6' title='bbox 744 389 785 454; x_wconf 87' lang='grc' dir='ltr'><strong><em>οὐ</em></strong></span> <span class='ocrx_word' id='word_1_7' title='bbox 815 387 899 473; x_wconf 78' lang='grc' dir='ltr'><strong><em>μέγα</em></strong></span> <span class='ocrx_word' id='word_1_8' title='bbox 928 390 965 454; x_wconf 89' lang='grc' dir='ltr'><strong><em>τὸ</em></strong></span> <span class='ocrx_word' id='word_1_9' title='bbox 996 389 1191 472; x_wconf 79' lang='grc' dir='ltr'><em>διάλλαγμα</em></span> <span class='ocrx_word' id='word_1_10' title='bbox 1237 391 1238 440; x_wconf 62' lang='grc' dir='ltr'><strong><em>ί</em></strong></span> 
     </span>
     <span class='ocr_line' id='line_1_3' title="bbox 166 486 1238 580; baseline -0.001 -20"><span class='ocrx_word' id='word_1_11' title='bbox 166 495 280 580; x_wconf 86' lang='grc' dir='ltr'><strong><em>ἐφάνη.</em></strong></span> <span class='ocrx_word' id='word_1_12' title='bbox 323 505 398 579; x_wconf 86' lang='grc' dir='ltr'><strong><em>μιᾶς</em></strong></span> <span class='ocrx_word' id='word_1_13' title='bbox 420 496 483 579; x_wconf 78' lang='grc' dir='ltr'><strong><em>γὰρ</em></strong></span> <span class='ocrx_word' id='word_1_14' title='bbox 506 493 561 560; x_wconf 82' lang='grc' dir='ltr'><strong><em>καὶ</em></strong></span> <span class='ocrx_word' id='word_1_15' title='bbox 584 501 688 560; x_wconf 86' lang='grc' dir='ltr'><strong><em>είκοσι</em></strong></span> <span class='ocrx_word' id='word_1_16' title='bbox 710 498 784 561; x_wconf 88' lang='grc' dir='ltr'><strong><em>τότε</em></strong></span> <span class='ocrx_word' id='word_1_17' title='bbox 807 499 925 579; x_wconf 85' lang='grc' dir='ltr'><strong><em>φυλῶν</em></strong></span> <span class='ocrx_word' id='word_1_18' title='bbox 946 495 1070 580; x_wconf 83' lang='grc' dir='ltr'><strong><em>οὐσῶν,</em></strong></span> <span class='ocrx_word' id='word_1_19' title='bbox 1093 486 1147 571; x_wconf 86' lang='grc' dir='ltr'><strong><em>οἷς</em></strong></span> <span class='ocrx_word' id='word_1_20' title='bbox 1166 493 1238 578; x_wconf 69' lang='grc' dir='ltr'><strong><em>ἡ14ί</em></strong></span> 
     </span>
     <span class='ocr_line' id='line_1_4' title="bbox 165 598 1192 686; baseline -0.002 -20"><span class='ocrx_word' id='word_1_21' title='bbox 165 608 276 685; x_wconf 74' lang='grc' dir='ltr'><strong><em>ψῆφος</em></strong></span> <span class='ocrx_word' id='word_1_22' title='bbox 299 601 459 684; x_wconf 77' lang='grc' dir='ltr'><em>ἀνεδόθη,</em></span> <span class='ocrx_word' id='word_1_23' title='bbox 481 601 538 677; x_wconf 80' lang='grc' dir='ltr'><strong><em>τὰς</em></strong></span> <span class='ocrx_word' id='word_1_24' title='bbox 560 598 771 677; x_wconf 78' lang='grc' dir='ltr'><strong><em>ἀπολυούσας</em></strong></span> <span class='ocrx_word' id='word_1_25' title='bbox 792 600 902 684; x_wconf 84' lang='grc' dir='ltr'><strong><em>φυλὰς</em></strong></span> <span class='ocrx_word' id='word_1_26' title='bbox 924 603 1019 686; x_wconf 86' lang='grc' dir='ltr'><strong><em>ἐσχεν</em></strong></span> <span class='ocrx_word' id='word_1_27' title='bbox 1043 601 1062 666; x_wconf 98' lang='lat'><em>6</em></span> <span class='ocrx_word' id='word_1_28' title='bbox 1086 600 1192 684; x_wconf 81' lang='grc' dir='ltr'><strong><em>Μοίρ-</em></strong></span> 
     </span>
     <span class='ocr_line' id='line_1_5' title="bbox 165 702 1238 802; baseline 0.002 -32"><span class='ocrx_word' id='word_1_29' title='bbox 165 730 236 784; x_wconf 88' lang='grc' dir='ltr'><strong><em>κιος</em></strong></span> <span class='ocrx_word' id='word_1_30' title='bbox 263 705 373 772; x_wconf 83' lang='grc' dir='ltr'><strong><em>ἐννέα·</em></strong></span> <span class='ocrx_word' id='word_1_31' title='bbox 404 702 481 771; x_wconf 79' lang='grc' dir='ltr'><strong><em>ὥστ’</em></strong></span> <span class='ocrx_word' id='word_1_32' title='bbox 508 708 540 771; x_wconf 88' lang='grc' dir='ltr'><strong><em>εί</em></strong></span> <span class='ocrx_word' id='word_1_33' title='bbox 562 707 623 772; x_wconf 84' lang='grc' dir='ltr'><strong><em>δύο</em></strong></span> <span class='ocrx_word' id='word_1_34' title='bbox 647 711 842 791; x_wconf 80' lang='grc' dir='ltr'><strong><em>προσῆλθον</em></strong></span> <span class='ocrx_word' id='word_1_35' title='bbox 865 705 954 794; x_wconf 77' lang='grc' dir='ltr'><strong><em>αὐτῷ</em></strong></span> <span class='ocrx_word' id='word_1_36' title='bbox 978 709 1098 790; x_wconf 90' lang='grc' dir='ltr'><strong><em>φυλαί,</em></strong></span> <span class='ocrx_word' id='word_1_37' title='bbox 1128 707 1238 802; x_wconf 64' lang='grc' dir='ltr'><strong><em>διάιιί</em></strong></span> 
     </span>
     <span class='ocr_line' id='line_1_6' title="bbox 140 809 1238 898; baseline -0.004 -17"><span class='ocrx_word' id='word_1_38' title='bbox 140 814 230 897; x_wconf 76' lang='grc' dir='ltr'><strong><em>ιτὴν</em></strong></span> <span class='ocrx_word' id='word_1_39' title='bbox 252 815 437 898; x_wconf 76' lang='grc' dir='ltr'><strong><em>ἰσοψηφίαν</em></strong></span> <span class='ocrx_word' id='word_1_40' title='bbox 459 809 629 878; x_wconf 76' lang='grc' dir='ltr'><strong><em>ἀπελέλυτ’</em></strong></span> <span class='ocrx_word' id='word_1_41' title='bbox 654 813 708 896; x_wconf 83' lang='grc' dir='ltr'><strong><em>ἀν,</em></strong></span> <span class='ocrx_word' id='word_1_42' title='bbox 731 812 840 897; x_wconf 79' lang='grc' dir='ltr'><strong><em>ὥσπερ</em></strong></span> <span class='ocrx_word' id='word_1_43' title='bbox 864 812 883 878; x_wconf 93' lang='lat'><em>6</em></span> <span class='ocrx_word' id='word_1_44' title='bbox 906 815 1009 896; x_wconf 86' lang='grc' dir='ltr'><strong><em>νόμος</em></strong></span> <span class='ocrx_word' id='word_1_45' title='bbox 1031 810 1138 896; x_wconf 79' lang='grc' dir='ltr'><strong><em>ἠξίου.</em></strong></span> <span class='ocrx_word' id='word_1_46' title='bbox 1221 813 1238 868; x_wconf 61' lang='lat'><strong><em>,3</em></strong></span> 
     </span>
     <span class='ocr_line' id='line_1_7' title="bbox 232 903 1238 1005; baseline -0.002 -21"><span class='ocrx_word' id='word_1_47' title='bbox 232 919 332 984; x_wconf 85' lang='lat' dir='ltr'>LXV.</span> <span class='ocrx_word' id='word_1_48' title='bbox 369 919 463 1004; x_wconf 78' lang='grc' dir='ltr'><strong><em>Αὕτη</em></strong></span> <span class='ocrx_word' id='word_1_49' title='bbox 492 919 603 1004; x_wconf 83' lang='grc' dir='ltr'><strong><em>πρώτη</em></strong></span> <span class='ocrx_word' id='word_1_50' title='bbox 630 912 701 983; x_wconf 84' lang='grc' dir='ltr'><strong><em>κατ’</em></strong></span> <span class='ocrx_word' id='word_1_51' title='bbox 727 917 851 1003; x_wconf 89' lang='grc' dir='ltr'><strong><em>ἀνδρὸς</em></strong></span> <span class='ocrx_word' id='word_1_52' title='bbox 877 922 1052 1005; x_wconf 77' lang='grc' dir='ltr'><strong><em>πατρικίου</em></strong></span> <span class='ocrx_word' id='word_1_53' title='bbox 1079 920 1190 1003; x_wconf 86' lang='grc' dir='ltr'><strong><em>πρόσ-</em></strong></span> <span class='ocrx_word' id='word_1_54' title='bbox 1237 903 1238 994; x_wconf 66' lang='grc' dir='ltr'><strong><em>λ</em></strong></span> 
     </span>
     <span class='ocr_line' id='line_1_8' title="bbox 165 1022 1191 1111; baseline -0.001 -21"><span class='ocrx_word' id='word_1_55' title='bbox 165 1030 281 1108; x_wconf 84' lang='grc' dir='ltr'><strong><em>κλησις</em></strong></span> <span class='ocrx_word' id='word_1_56' title='bbox 303 1027 350 1102; x_wconf 89' lang='grc' dir='ltr'><strong><em>είς</em></strong></span> <span class='ocrx_word' id='word_1_57' title='bbox 372 1026 432 1091; x_wconf 90' lang='grc' dir='ltr'><strong><em>τὸν</em></strong></span> <span class='ocrx_word' id='word_1_58' title='bbox 455 1027 563 1110; x_wconf 74' lang='grc' dir='ltr'><strong><em>δῆμον</em></strong></span> <span class='ocrx_word' id='word_1_59' title='bbox 586 1023 715 1108; x_wconf 81' lang='grc' dir='ltr'><strong><em>ἐγένετο</em></strong></span> <span class='ocrx_word' id='word_1_60' title='bbox 740 1023 793 1090; x_wconf 79' lang='grc' dir='ltr'><strong><em>ἐπὶ</em></strong></span> <span class='ocrx_word' id='word_1_61' title='bbox 817 1026 902 1111; x_wconf 82' lang='grc' dir='ltr'><strong><em>δίκη.</em></strong></span> <span class='ocrx_word' id='word_1_62' title='bbox 943 1023 999 1090; x_wconf 83' lang='grc' dir='ltr'><strong><em>καὶ</em></strong></span> <span class='ocrx_word' id='word_1_63' title='bbox 1022 1022 1077 1089; x_wconf 91' lang='grc' dir='ltr'><strong><em>ἀπ’</em></strong></span> <span class='ocrx_word' id='word_1_64' title='bbox 1100 1022 1191 1089; x_wconf 85' lang='grc' dir='ltr'><strong><em>ἐκεί-</em></strong></span> 
     </span>
     <span class='ocr_line' id='line_1_9' title="bbox 165 1131 1190 1215; baseline 0.002 -21"><span class='ocrx_word' id='word_1_65' title='bbox 165 1153 228 1194; x_wconf 92' lang='grc' dir='ltr'><strong><em>νου</em></strong></span> <span class='ocrx_word' id='word_1_66' title='bbox 266 1139 325 1195; x_wconf 88' lang='grc' dir='ltr'><strong><em>τοῦ</em></strong></span> <span class='ocrx_word' id='word_1_67' title='bbox 362 1133 485 1215; x_wconf 87' lang='grc' dir='ltr'><strong><em>χρόνον</em></strong></span> <span class='ocrx_word' id='word_1_68' title='bbox 517 1141 587 1208; x_wconf 71' lang='grc' dir='ltr'><strong><em>τοῖς</em></strong></span> <span class='ocrx_word' id='word_1_69' title='bbox 617 1131 759 1214; x_wconf 80' lang='grc' dir='ltr'><strong><em>ὕστερον</em></strong></span> <span class='ocrx_word' id='word_1_70' title='bbox 792 1131 998 1215; x_wconf 73' lang='grc' dir='ltr'><strong><em>λαμβάνουσι</em></strong></span> <span class='ocrx_word' id='word_1_71' title='bbox 1029 1131 1091 1212; x_wconf 78' lang='grc' dir='ltr'><strong><em>τὴν</em></strong></span> <span class='ocrx_word' id='word_1_72' title='bbox 1124 1140 1190 1196; x_wconf 85' lang='grc' dir='ltr'><strong><em>τοῦ</em></strong></span> 
     </span>
     <span class='ocr_line' id='line_1_10' title="bbox 167 1234 1238 1321; baseline 0.001 -22"><span class='ocrx_word' id='word_1_73' title='bbox 167 1235 274 1319; x_wconf 75' lang='grc' dir='ltr'><strong><em>δήμου</em></strong></span> <span class='ocrx_word' id='word_1_74' title='bbox 296 1239 500 1320; x_wconf 78' lang='grc' dir='ltr'><strong><em>προστασίαν</em></strong></span> <span class='ocrx_word' id='word_1_75' title='bbox 524 1239 603 1313; x_wconf 80' lang='grc' dir='ltr'><strong><em>ἔθος</em></strong></span> <span class='ocrx_word' id='word_1_76' title='bbox 624 1235 761 1321; x_wconf 80' lang='grc' dir='ltr'><strong><em>κατέστη</em></strong></span> <span class='ocrx_word' id='word_1_77' title='bbox 781 1241 895 1300; x_wconf 73' lang='grc' dir='ltr'><strong><em>καλεῖν</em></strong></span> <span class='ocrx_word' id='word_1_78' title='bbox 914 1236 973 1313; x_wconf 77' lang='grc' dir='ltr'><strong><em>οὓς</em></strong></span> <span class='ocrx_word' id='word_1_79' title='bbox 991 1234 1097 1313; x_wconf 78' lang='grc' dir='ltr'><strong><em>δόξειε</em></strong></span> <span class='ocrx_word' id='word_1_80' title='bbox 1116 1243 1189 1301; x_wconf 78' lang='grc' dir='ltr'><strong><em>τῶν</em></strong></span> <span class='ocrx_word' id='word_1_81' title='bbox 1237 1247 1238 1300; x_wconf 49' lang='grc' dir='ltr'><strong><em>ι</em></strong></span> 
     </span>
     <span class='ocr_line' id='line_1_11' title="bbox 125 1339 1189 1427; baseline -0.004 -17"><span class='ocrx_word' id='word_1_82' title='bbox 125 1372 152 1410; x_wconf 88' lang='lat'><strong><em>10</em></strong></span> <span class='ocrx_word' id='word_1_83' title='bbox 166 1345 310 1407; x_wconf 80' lang='grc' dir='ltr'><strong><em>πολιτῶν</em></strong></span> <span class='ocrx_word' id='word_1_84' title='bbox 334 1342 431 1426; x_wconf 89' lang='grc' dir='ltr'><strong><em>δίκην</em></strong></span> <span class='ocrx_word' id='word_1_85' title='bbox 454 1341 636 1426; x_wconf 78' lang='grc' dir='ltr'><strong><em>ὑφέξοντας</em></strong></span> <span class='ocrx_word' id='word_1_86' title='bbox 659 1339 711 1408; x_wconf 81' lang='grc' dir='ltr'><strong><em>ἐπί</em></strong></span> <span class='ocrx_word' id='word_1_87' title='bbox 734 1352 793 1407; x_wconf 89' lang='grc' dir='ltr'><strong><em>τοῦ</em></strong></span> <span class='ocrx_word' id='word_1_88' title='bbox 817 1343 939 1427; x_wconf 75' lang='grc' dir='ltr'><strong><em>δήμου·</em></strong></span> <span class='ocrx_word' id='word_1_89' title='bbox 962 1339 1018 1407; x_wconf 82' lang='grc' dir='ltr'><strong><em>καὶ</em></strong></span> <span class='ocrx_word' id='word_1_90' title='bbox 1041 1341 1189 1407; x_wconf 86' lang='grc' dir='ltr'><strong><em>ἐνθένδε</em></strong></span> 
     </span>
     <span class='ocr_line' id='line_1_12' title="bbox 166 1445 1189 1534; baseline 0.001 -23"><span class='ocrx_word' id='word_1_91' title='bbox 166 1445 348 1533; x_wconf 77' lang='grc' dir='ltr'><strong><em>ἀρξάμενος</em></strong></span> <span class='ocrx_word' id='word_1_92' title='bbox 380 1448 398 1514; x_wconf 88' lang='lat'><em>6</em></span> <span class='ocrx_word' id='word_1_93' title='bbox 432 1450 535 1533; x_wconf 79' lang='grc' dir='ltr'><strong><em>δῆμος</em></strong></span> <span class='ocrx_word' id='word_1_94' title='bbox 567 1450 656 1533; x_wconf 78' lang='grc' dir='ltr'><strong><em>ἤρθη</em></strong></span> <span class='ocrx_word' id='word_1_95' title='bbox 688 1447 804 1532; x_wconf 81' lang='grc' dir='ltr'><strong><em>μέγας,</em></strong></span> <span class='ocrx_word' id='word_1_96' title='bbox 835 1448 856 1531; x_wconf 79' lang='grc' dir='ltr'><strong><em>ἡ</em></strong></span> <span class='ocrx_word' id='word_1_97' title='bbox 887 1445 918 1513; x_wconf 79' lang='grc' dir='ltr'><strong><em>δ’</em></strong></span> <span class='ocrx_word' id='word_1_98' title='bbox 949 1447 1189 1534; x_wconf 81' lang='grc' dir='ltr'><strong><em>ἀριστοκρατία</em></strong></span> 
     </span>
     <span class='ocr_line' id='line_1_13' title="bbox 165 1551 1238 1642; baseline 0 -24"><span class='ocrx_word' id='word_1_99' title='bbox 165 1555 273 1619; x_wconf 84' lang='grc' dir='ltr'><strong><em>πολλὰ</em></strong></span> <span class='ocrx_word' id='word_1_100' title='bbox 299 1564 360 1621; x_wconf 87' lang='grc' dir='ltr'><strong><em>τοῦ</em></strong></span> <span class='ocrx_word' id='word_1_101' title='bbox 387 1553 526 1640; x_wconf 77' lang='grc' dir='ltr'><strong><em>ἀρχαίου</em></strong></span> <span class='ocrx_word' id='word_1_102' title='bbox 554 1553 735 1639; x_wconf 80' lang='grc' dir='ltr'><strong><em>ἀξιώματος</em></strong></span> <span class='ocrx_word' id='word_1_103' title='bbox 758 1553 899 1640; x_wconf 83' lang='grc' dir='ltr'><strong><em>ἀπέβαλε</em></strong></span> <span class='ocrx_word' id='word_1_104' title='bbox 922 1559 1046 1640; x_wconf 79' lang='grc' dir='ltr'><strong><em>βουλῆς</em></strong></span> <span class='ocrx_word' id='word_1_105' title='bbox 1068 1577 1103 1620; x_wconf 86' lang='grc' dir='ltr'><strong><em>τε</em></strong></span> <span class='ocrx_word' id='word_1_106' title='bbox 1127 1577 1188 1638; x_wconf 82' lang='grc' dir='ltr'><strong><em>με·</em></strong></span> <span class='ocrx_word' id='word_1_107' title='bbox 1237 1551 1238 1642; x_wconf 64' lang='grc' dir='ltr'><strong><em>λ</em></strong></span> 
     </span>
     <span class='ocr_line' id='line_1_14' title="bbox 166 1657 1238 1792; baseline 0.006 -70"><span class='ocrx_word' id='word_1_108' title='bbox 166 1658 273 1744; x_wconf 86' lang='grc' dir='ltr'><strong><em>τέχειν</em></strong></span> <span class='ocrx_word' id='word_1_109' title='bbox 292 1658 512 1745; x_wconf 79' lang='grc' dir='ltr'><strong><em>ἐπιτρέπουσα</em></strong></span> <span class='ocrx_word' id='word_1_110' title='bbox 535 1671 604 1736; x_wconf 77' lang='grc' dir='ltr'><strong><em>τοῖς</em></strong></span> <span class='ocrx_word' id='word_1_111' title='bbox 626 1662 815 1744; x_wconf 78' lang='grc' dir='ltr'><strong><em>δημοτικοῖς</em></strong></span> <span class='ocrx_word' id='word_1_112' title='bbox 835 1659 892 1726; x_wconf 83' lang='grc' dir='ltr'><strong><em>καὶ</em></strong></span> <span class='ocrx_word' id='word_1_113' title='bbox 915 1659 1016 1746; x_wconf 81' lang='grc' dir='ltr'><strong><em>ἀρχὰς</em></strong></span> <span class='ocrx_word' id='word_1_114' title='bbox 1036 1657 1238 1792; x_wconf 54' lang='grc' dir='ltr'><strong><em>μετιέναιιοχ</em></strong></span> 
     </span>
     <span class='ocr_line' id='line_1_15' title="bbox 167 1765 1238 1896; baseline 0.004 -68"><span class='ocrx_word' id='word_1_115' title='bbox 167 1774 385 1849; x_wconf 78' lang='grc' dir='ltr'><strong><em>συγχωροῦσα</em></strong></span> <span class='ocrx_word' id='word_1_116' title='bbox 409 1766 509 1850; x_wconf 82' lang='grc' dir='ltr'><strong><em>λερῶν</em></strong></span> <span class='ocrx_word' id='word_1_117' title='bbox 530 1789 565 1832; x_wconf 88' lang='grc' dir='ltr'><strong><em>τε</em></strong></span> <span class='ocrx_word' id='word_1_118' title='bbox 587 1769 788 1896; x_wconf 84' lang='grc' dir='ltr'><strong><em>προστασίας</em></strong></span> <span class='ocrx_word' id='word_1_119' title='bbox 810 1767 992 1850; x_wconf 78' lang='grc' dir='ltr'><strong><em>λαμβάνειν</em></strong></span> <span class='ocrx_word' id='word_1_120' title='bbox 1015 1765 1057 1832; x_wconf 86' lang='grc' dir='ltr'><strong><em>οὐ</em></strong></span> <span class='ocrx_word' id='word_1_121' title='bbox 1074 1768 1187 1832; x_wconf 84' lang='grc' dir='ltr'><strong><em>κωλύ-</em></strong></span> <span class='ocrx_word' id='word_1_122' title='bbox 1237 1783 1238 1855; x_wconf 56' lang='grc' dir='ltr'><strong><em>η</em></strong></span> 
     </span>
     <span class='ocr_line' id='line_1_16' title="bbox 126 1865 1238 1958; baseline 0.004 -24"><span class='ocrx_word' id='word_1_123' title='bbox 126 1899 153 1941; x_wconf 81' lang='lat'><strong><em>15</em></strong></span> <span class='ocrx_word' id='word_1_124' title='bbox 168 1884 251 1934; x_wconf 90' lang='grc' dir='ltr'><strong><em>ουσα</em></strong></span> <span class='ocrx_word' id='word_1_125' title='bbox 274 1868 329 1935; x_wconf 82' lang='grc' dir='ltr'><strong><em>καὶ</em></strong></span> <span class='ocrx_word' id='word_1_126' title='bbox 352 1871 413 1935; x_wconf 84' lang='grc' dir='ltr'><strong><em>ὅσα</em></strong></span> <span class='ocrx_word' id='word_1_127' title='bbox 437 1873 520 1935; x_wconf 77' lang='grc' dir='ltr'><strong><em>ἄλλα</em></strong></span> <span class='ocrx_word' id='word_1_128' title='bbox 543 1872 720 1956; x_wconf 83' lang='grc' dir='ltr'><strong><em>τιμιώτατα</em></strong></span> <span class='ocrx_word' id='word_1_129' title='bbox 741 1867 784 1956; x_wconf 74' lang='grc' dir='ltr'><strong><em>ἦν</em></strong></span> <span class='ocrx_word' id='word_1_130' title='bbox 807 1869 863 1938; x_wconf 87' lang='grc' dir='ltr'><strong><em>καὶ</em></strong></span> <span class='ocrx_word' id='word_1_131' title='bbox 887 1874 955 1937; x_wconf 85' lang='grc' dir='ltr'><strong><em>ίδια</em></strong></span> <span class='ocrx_word' id='word_1_132' title='bbox 978 1884 1044 1938; x_wconf 84' lang='grc' dir='ltr'><strong><em>τῶν</em></strong></span> <span class='ocrx_word' id='word_1_133' title='bbox 1067 1894 1186 1958; x_wconf 92' lang='grc' dir='ltr'><strong><em>πατρι-</em></strong></span> <span class='ocrx_word' id='word_1_134' title='bbox 1237 1865 1238 1899; x_wconf 60' lang='lat'>¹</span> 
     </span>
     <span class='ocr_line' id='line_1_17' title="bbox 167 1953 1238 2072; baseline 0.002 -32.042"><span class='ocrx_word' id='word_1_135' title='bbox 167 1977 249 2040; x_wconf 91' lang='grc' dir='ltr'><strong><em>κίων</em></strong></span> <span class='ocrx_word' id='word_1_136' title='bbox 276 1979 390 2060; x_wconf 90' lang='grc' dir='ltr'><strong><em>μόνων</em></strong></span> <span class='ocrx_word' id='word_1_137' title='bbox 417 1979 518 2042; x_wconf 78' lang='grc' dir='ltr'><strong><em>ἅπασι</em></strong></span> <span class='ocrx_word' id='word_1_138' title='bbox 541 1975 786 2062; x_wconf 78' lang='grc' dir='ltr'><strong><em>κοινωσαμένη,</em></strong></span> <span class='ocrx_word' id='word_1_139' title='bbox 812 1979 852 2043; x_wconf 84' lang='grc' dir='ltr'><strong><em>τὰ</em></strong></span> <span class='ocrx_word' id='word_1_140' title='bbox 875 1974 976 2063; x_wconf 67' lang='grc' dir='ltr'><strong><em>μέν’</em></strong></span> <span class='ocrx_word' id='word_1_141' title='bbox 959 2000 1005 2043; x_wconf 89' lang='grc' dir='ltr'><strong><em>νπ</em></strong></span> <span class='ocrx_word' id='word_1_142' title='bbox 1007 1953 1238 2072; x_wconf 62' lang='grc' dir='ltr'><strong><em>’ἀνάγκηςί</em></strong></span> 
     </span>
     <span class='ocr_line' id='line_1_18' title="bbox 166 2078 1238 2171; baseline 0.001 -23"><span class='ocrx_word' id='word_1_143' title='bbox 166 2105 200 2148; x_wconf 87' lang='grc' dir='ltr'><strong><em>τε</em></strong></span> <span class='ocrx_word' id='word_1_144' title='bbox 223 2079 278 2148; x_wconf 80' lang='grc' dir='ltr'><strong><em>καί</em></strong></span> <span class='ocrx_word' id='word_1_145' title='bbox 301 2083 439 2167; x_wconf 80' lang='grc' dir='ltr'><strong><em>ἄκουσα,</em></strong></span> <span class='ocrx_word' id='word_1_146' title='bbox 461 2085 501 2148; x_wconf 87' lang='grc' dir='ltr'><strong><em>τδι</em></strong></span> <span class='ocrx_word' id='word_1_147' title='bbox 525 2081 555 2148; x_wconf 88' lang='grc' dir='ltr'><strong><em>δ’</em></strong></span> <span class='ocrx_word' id='word_1_148' title='bbox 579 2083 615 2148; x_wconf 81' lang='grc' dir='ltr'><strong><em>ἐκ</em></strong></span> <span class='ocrx_word' id='word_1_149' title='bbox 638 2088 760 2171; x_wconf 89' lang='grc' dir='ltr'><strong><em>προνοί</em></strong></span> <span class='ocrx_word' id='word_1_150' title='bbox 758 2109 796 2162; x_wconf 92' lang='grc' dir='ltr'><strong><em>ας</em></strong></span> <span class='ocrx_word' id='word_1_151' title='bbox 817 2108 852 2150; x_wconf 91' lang='grc' dir='ltr'><strong><em>τε</em></strong></span> <span class='ocrx_word' id='word_1_152' title='bbox 871 2083 925 2151; x_wconf 83' lang='grc' dir='ltr'><strong><em>καὶ</em></strong></span> <span class='ocrx_word' id='word_1_153' title='bbox 944 2089 1075 2169; x_wconf 88' lang='grc' dir='ltr'><strong><em>σοφίας,</em></strong></span> <span class='ocrx_word' id='word_1_154' title='bbox 1096 2078 1238 2170; x_wconf 85' lang='grc' dir='ltr'><strong><em>ὑπερ</em></strong></span> 
     </span>
     <span class='ocr_line' id='line_1_19' title="bbox 129 2167 1238 2276; baseline 0.002 -22"><span class='ocrx_word' id='word_1_155' title='bbox 129 2203 152 2266; x_wconf 85' lang='lat'><em>2</em></span> <span class='ocrx_word' id='word_1_156' title='bbox 168 2213 215 2254; x_wconf 91' lang='grc' dir='ltr'><strong><em>ων</em></strong></span> <span class='ocrx_word' id='word_1_157' title='bbox 233 2190 315 2254; x_wconf 81' lang='grc' dir='ltr'><strong><em>κατὰ</em></strong></span> <span class='ocrx_word' id='word_1_158' title='bbox 332 2191 391 2255; x_wconf 93' lang='grc' dir='ltr'><strong><em>τὸν</em></strong></span> <span class='ocrx_word' id='word_1_159' title='bbox 410 2192 534 2256; x_wconf 81' lang='grc' dir='ltr'><strong><em>οίκείον</em></strong></span> <span class='ocrx_word' id='word_1_160' title='bbox 552 2192 670 2274; x_wconf 85' lang='grc' dir='ltr'><strong><em>καιρὸν</em></strong></span> <span class='ocrx_word' id='word_1_161' title='bbox 688 2190 760 2274; x_wconf 84' lang='grc' dir='ltr'><strong><em>ἐρῶ.</em></strong></span> <span class='ocrx_word' id='word_1_162' title='bbox 793 2200 891 2258; x_wconf 84' lang='grc' dir='ltr'><strong><em>τοῦτο</em></strong></span> <span class='ocrx_word' id='word_1_163' title='bbox 910 2189 1024 2276; x_wconf 89' lang='grc' dir='ltr'><strong><em>μέντοι</em></strong></span> <span class='ocrx_word' id='word_1_164' title='bbox 1040 2194 1077 2258; x_wconf 92' lang='grc' dir='ltr'><strong><em>τὸ</em></strong></span> <span class='ocrx_word' id='word_1_165' title='bbox 1092 2193 1187 2275; x_wconf 77' lang='grc' dir='ltr'><strong><em>ἔθος,</em></strong></span> <span class='ocrx_word' id='word_1_166' title='bbox 1237 2167 1238 2272; x_wconf 63' lang='lat'><em>6</em></span> 
     </span>
     <span class='ocr_line' id='line_1_20' title="bbox 168 2291 1187 2382; baseline 0.003 -22"><span class='ocrx_word' id='word_1_167' title='bbox 168 2293 266 2379; x_wconf 80' lang='grc' dir='ltr'><strong><em>[λέγω</em></strong></span> <span class='ocrx_word' id='word_1_168' title='bbox 290 2291 339 2377; x_wconf 74' lang='grc' dir='ltr'><strong><em>δὲ]</em></strong></span> <span class='ocrx_word' id='word_1_169' title='bbox 364 2298 401 2362; x_wconf 89' lang='grc' dir='ltr'><strong><em>τὸ</em></strong></span> <span class='ocrx_word' id='word_1_170' title='bbox 425 2300 599 2362; x_wconf 82' lang='grc' dir='ltr'><strong><em>καλεῖσθαι</em></strong></span> <span class='ocrx_word' id='word_1_171' title='bbox 621 2299 699 2374; x_wconf 82' lang='grc' dir='ltr'><strong><em>τοὺς</em></strong></span> <span class='ocrx_word' id='word_1_172' title='bbox 722 2297 759 2363; x_wconf 88' lang='grc' dir='ltr'><strong><em>έν</em></strong></span> <span class='ocrx_word' id='word_1_173' title='bbox 781 2306 820 2382; x_wconf 88' lang='grc' dir='ltr'><strong><em>τη</em></strong></span> <span class='ocrx_word' id='word_1_174' title='bbox 843 2299 937 2363; x_wconf 89' lang='grc' dir='ltr'><strong><em>πόλει</em></strong></span> <span class='ocrx_word' id='word_1_175' title='bbox 961 2298 1187 2363; x_wconf 89' lang='grc' dir='ltr'><strong><em>δνναστεύον-</em></strong></span> 
     </span>
     <span class='ocr_line' id='line_1_21' title="bbox 126 2397 1238 2489; baseline -0.004 -17"><span class='ocrx_word' id='word_1_176' title='bbox 126 2433 153 2472; x_wconf 82' lang='lat'><strong><em>20</em></strong></span> <span class='ocrx_word' id='word_1_177' title='bbox 167 2426 224 2479; x_wconf 89' lang='grc' dir='ltr'><strong><em>τας</em></strong></span> <span class='ocrx_word' id='word_1_178' title='bbox 247 2400 361 2468; x_wconf 87' lang='grc' dir='ltr'><strong><em>ἐπὶί</em></strong></span> <span class='ocrx_word' id='word_1_179' title='bbox 324 2403 361 2466; x_wconf 91' lang='grc' dir='ltr'><strong><em>δί</em></strong></span> <span class='ocrx_word' id='word_1_180' title='bbox 358 2427 438 2487; x_wconf 86' lang='grc' dir='ltr'><strong><em>κην,</em></strong></span> <span class='ocrx_word' id='word_1_181' title='bbox 463 2397 502 2486; x_wconf 74' lang='grc' dir='ltr'><strong><em>ἧς</em></strong></span> <span class='ocrx_word' id='word_1_182' title='bbox 524 2404 542 2470; x_wconf 88' lang='grc' dir='ltr'>ὁ</span> <span class='ocrx_word' id='word_1_183' title='bbox 567 2405 670 2487; x_wconf 78' lang='grc' dir='ltr'><strong><em>δῆμος</em></strong></span> <span class='ocrx_word' id='word_1_184' title='bbox 693 2402 817 2487; x_wconf 80' lang='grc' dir='ltr'><strong><em>ἐγίνετο</em></strong></span> <span class='ocrx_word' id='word_1_185' title='bbox 841 2405 971 2489; x_wconf 86' lang='grc' dir='ltr'><strong><em>κύριος,</em></strong></span> <span class='ocrx_word' id='word_1_186' title='bbox 993 2403 1162 2480; x_wconf 78' lang='grc' dir='ltr'><strong><em>πολλὰς“</em></strong></span> <span class='ocrx_word' id='word_1_187' title='bbox 1142 2429 1187 2468; x_wconf 93' lang='grc' dir='ltr'><strong><em>αν</em></strong></span> <span class='ocrx_word' id='word_1_188' title='bbox 1237 2399 1238 2476; x_wconf 59' lang='grc' dir='ltr'>ξ</span> 
     </span>
     <span class='ocr_line' id='line_1_22' title="bbox 166 2509 1238 2600; baseline 0.001 -26"><span class='ocrx_word' id='word_1_189' title='bbox 166 2509 329 2594; x_wconf 76' lang='grc' dir='ltr'><strong><em>παράσχοι</em></strong></span> <span class='ocrx_word' id='word_1_190' title='bbox 362 2509 522 2593; x_wconf 78' lang='grc' dir='ltr'><strong><em>λόγον’</em></strong></span> <span class='ocrx_word' id='word_1_191' title='bbox 505 2511 657 2596; x_wconf 79' lang='grc' dir='ltr'><strong><em>αφορμδις</em></strong></span> <span class='ocrx_word' id='word_1_192' title='bbox 683 2521 752 2587; x_wconf 80' lang='grc' dir='ltr'><strong><em>τοῖς</em></strong></span> <span class='ocrx_word' id='word_1_193' title='bbox 779 2509 927 2575; x_wconf 81' lang='grc' dir='ltr'><strong><em>ἐπαινεῖν</em></strong></span> <span class='ocrx_word' id='word_1_194' title='bbox 954 2510 1036 2576; x_wconf 87' lang='grc' dir='ltr'><strong><em>αὐτὸ</em></strong></span> <span class='ocrx_word' id='word_1_195' title='bbox 1063 2512 1188 2594; x_wconf 88' lang='grc' dir='ltr'><strong><em>βονλο-</em></strong></span> <span class='ocrx_word' id='word_1_196' title='bbox 1237 2517 1238 2600; x_wconf 52' lang='grc' dir='ltr'>ᾗ</span> 
     </span>
     <span class='ocr_line' id='line_1_23' title="bbox 166 2612 1238 2702; baseline 0.002 -24"><span class='ocrx_word' id='word_1_197' title='bbox 166 2614 280 2696; x_wconf 87' lang='grc' dir='ltr'><strong><em>με’νοις</em></strong></span> <span class='ocrx_word' id='word_1_198' title='bbox 299 2613 319 2696; x_wconf 79' lang='grc' dir='ltr'><em>ἢ</em></span> <span class='ocrx_word' id='word_1_199' title='bbox 337 2613 461 2696; x_wconf 77' lang='grc' dir='ltr'><strong><em>ψέγειν.</em></strong></span> <span class='ocrx_word' id='word_1_200' title='bbox 493 2614 611 2682; x_wconf 82' lang='grc' dir='ltr'><strong><em>πολλοὶ</em></strong></span> <span class='ocrx_word' id='word_1_201' title='bbox 630 2612 691 2700; x_wconf 73' lang='grc' dir='ltr'><strong><em>μὲν</em></strong></span> <span class='ocrx_word' id='word_1_202' title='bbox 709 2618 772 2702; x_wconf 84' lang='grc' dir='ltr'><strong><em>γὰρ</em></strong></span> <span class='ocrx_word' id='word_1_203' title='bbox 790 2617 854 2700; x_wconf 77' lang='grc' dir='ltr'><strong><em>ἤδη</em></strong></span> <span class='ocrx_word' id='word_1_204' title='bbox 873 2613 968 2681; x_wconf 83' lang='grc' dir='ltr'><strong><em>καλοὶ</em></strong></span> <span class='ocrx_word' id='word_1_205' title='bbox 986 2613 1042 2681; x_wconf 83' lang='grc' dir='ltr'><strong><em>καὶ</em></strong></span> <span class='ocrx_word' id='word_1_206' title='bbox 1059 2614 1188 2698; x_wconf 83' lang='grc' dir='ltr'><strong><em>ἀγαθοὶ</em></strong></span> <span class='ocrx_word' id='word_1_207' title='bbox 1237 2637 1238 2682; x_wconf 73' lang='grc' dir='ltr'><strong><em>ι</em></strong></span> 
     </span>
     <span class='ocr_line' id='line_1_24' title="bbox 166 2703 1238 2807; baseline 0.007 -27"><span class='ocrx_word' id='word_1_208' title='bbox 166 2718 287 2802; x_wconf 77' lang='grc' dir='ltr'><strong><em>ἄνδρες</em></strong></span> <span class='ocrx_word' id='word_1_209' title='bbox 312 2719 373 2784; x_wconf 88' lang='grc' dir='ltr'><strong><em>οὐκ</em></strong></span> <span class='ocrx_word' id='word_1_210' title='bbox 396 2719 471 2797; x_wconf 81' lang='grc' dir='ltr'><strong><em>ἀξια</em></strong></span> <span class='ocrx_word' id='word_1_211' title='bbox 493 2730 550 2804; x_wconf 78' lang='grc' dir='ltr'><strong><em>τῆς</em></strong></span> <span class='ocrx_word' id='word_1_212' title='bbox 572 2720 690 2805; x_wconf 82' lang='grc' dir='ltr'><strong><em>ἀρετῆς</em></strong></span> <span class='ocrx_word' id='word_1_213' title='bbox 712 2725 856 2806; x_wconf 85' lang='grc' dir='ltr'><strong><em>ἐπαθου,</em></strong></span> <span class='ocrx_word' id='word_1_214' title='bbox 884 2724 1027 2807; x_wconf 78' lang='grc' dir='ltr'><strong><em>αἰσχρῶς</em></strong></span> <span class='ocrx_word' id='word_1_215' title='bbox 1049 2720 1103 2787; x_wconf 83' lang='grc' dir='ltr'><strong><em>καὶ</em></strong></span> <span class='ocrx_word' id='word_1_216' title='bbox 1126 2746 1187 2786; x_wconf 82' lang='grc' dir='ltr'><strong><em>κα·</em></strong></span> <span class='ocrx_word' id='word_1_217' title='bbox 1237 2703 1238 2744; x_wconf 54' lang='lat'>³</span> 
     </span>
     <span class='ocr_line' id='line_1_25' title="bbox 167 2815 1238 2914; baseline 0.007 -28"><span class='ocrx_word' id='word_1_218' title='bbox 167 2833 232 2898; x_wconf 84' lang='grc' dir='ltr'><strong><em>κῶς</em></strong></span> <span class='ocrx_word' id='word_1_219' title='bbox 255 2824 312 2898; x_wconf 84' lang='grc' dir='ltr'><strong><em>τὰς</em></strong></span> <span class='ocrx_word' id='word_1_220' title='bbox 335 2826 442 2909; x_wconf 77' lang='grc' dir='ltr'><strong><em>ψυχὰς</em></strong></span> <span class='ocrx_word' id='word_1_221' title='bbox 464 2826 530 2892; x_wconf 88' lang='grc' dir='ltr'><strong><em>ὑπὸ</em></strong></span> <span class='ocrx_word' id='word_1_222' title='bbox 549 2839 616 2891; x_wconf 84' lang='grc' dir='ltr'><strong><em>τῶν</em></strong></span> <span class='ocrx_word' id='word_1_223' title='bbox 635 2828 813 2912; x_wconf 78' lang='grc' dir='ltr'><strong><em>δημάρχων</em></strong></span> <span class='ocrx_word' id='word_1_224' title='bbox 832 2825 1080 2914; x_wconf 87' lang='grc' dir='ltr'><strong><em>ἀφαιρεθέντες·</em></strong></span> <span class='ocrx_word' id='word_1_225' title='bbox 1103 2833 1188 2893; x_wconf 87' lang='grc' dir='ltr'><strong><em>πολ·</em></strong></span> <span class='ocrx_word' id='word_1_226' title='bbox 1237 2815 1238 2874; x_wconf 60' lang='lat'>3</span> 
     </span>
     <span class='ocr_line' id='line_1_26' title="bbox 127 2925 1238 3018; baseline 0.002 -20"><span class='ocrx_word' id='word_1_227' title='bbox 127 2959 154 3000; x_wconf 69' lang='grc' dir='ltr'><strong><em>τε</em></strong></span> <span class='ocrx_word' id='word_1_228' title='bbox 169 2926 222 2994; x_wconf 84' lang='grc' dir='ltr'><strong><em>λοὶ</em></strong></span> <span class='ocrx_word' id='word_1_229' title='bbox 255 2925 285 2993; x_wconf 91' lang='grc' dir='ltr'><strong><em>δ’</em></strong></span> <span class='ocrx_word' id='word_1_230' title='bbox 317 2928 477 3008; x_wconf 83' lang='grc' dir='ltr'><strong><em>αὐθάδεις</em></strong></span> <span class='ocrx_word' id='word_1_231' title='bbox 503 2929 559 2997; x_wconf 82' lang='grc' dir='ltr'><strong><em>καί</em></strong></span> <span class='ocrx_word' id='word_1_232' title='bbox 586 2932 780 3015; x_wconf 83' lang='grc' dir='ltr'><strong><em>τυραννικοὶ</em></strong></span> <span class='ocrx_word' id='word_1_233' title='bbox 806 2937 884 3012; x_wconf 84' lang='grc' dir='ltr'><strong><em>τοὺς</em></strong></span> <span class='ocrx_word' id='word_1_234' title='bbox 910 2938 1054 3018; x_wconf 88' lang='grc' dir='ltr'><strong><em>τρόπους</em></strong></span> <span class='ocrx_word' id='word_1_235' title='bbox 1081 2935 1238 3017; x_wconf 81' lang='grc' dir='ltr'><strong><em>λόγον</em></strong></span> 
     </span>
    </p>
   </div>
   <div class='ocr_carea' id='block_1_3' title="bbox 166 3049 1238 3547">
    <p class='ocr_par' dir='ltr' id='par_1_3' title="bbox 166 3049 1238 3547">
     <span class='ocr_line' id='line_1_27' title="bbox 239 3049 1186 3124; baseline 0.006 -22"><span class='ocrx_word' id='word_1_236' title='bbox 239 3056 254 3102; x_wconf 77' lang='lat'>2</span> <span class='ocrx_word' id='word_1_237' title='bbox 280 3049 314 3102; x_wconf 85' lang='lat' dir='ltr'><strong><em>de</em></strong></span> <span class='ocrx_word' id='word_1_238' title='bbox 337 3049 462 3104; x_wconf 78' lang='lat' dir='ltr'><strong>tribuum</strong></span> <span class='ocrx_word' id='word_1_239' title='bbox 487 3069 601 3106; x_wconf 87' lang='lat' dir='ltr'>numero</span> <span class='ocrx_word' id='word_1_240' title='bbox 620 3052 693 3106; x_wconf 74' lang='lat' dir='ltr'><strong>falso</strong></span> <span class='ocrx_word' id='word_1_241' title='bbox 714 3053 864 3124; x_wconf 79' lang='lat' dir='ltr'>aDiony</span> <span class='ocrx_word' id='word_1_242' title='bbox 842 3072 883 3109; x_wconf 82' lang='lat' dir='ltr'><strong><em>s10</em></strong></span> <span class='ocrx_word' id='word_1_243' title='bbox 901 3055 992 3114; x_wconf 74' lang='lat' dir='ltr'>relato</span> <span class='ocrx_word' id='word_1_244' title='bbox 1011 3055 1046 3108; x_wconf 86' lang='lat' dir='ltr'><strong><em>cf</em></strong></span> <span class='ocrx_word' id='word_1_245' title='bbox 1065 3053 1186 3109; x_wconf 85' lang='lat' dir='ltr'><strong>Momm·</strong></span> 
     </span>
     <span class='ocr_line' id='line_1_28' title="bbox 168 3073 1238 3212; baseline 0.005 -37"><span class='ocrx_word' id='word_1_246' title='bbox 168 3137 265 3175; x_wconf 83' lang='lat' dir='ltr'><strong>senum</strong></span> <span class='ocrx_word' id='word_1_247' title='bbox 285 3121 320 3174; x_wconf 83' lang='lat' dir='ltr'><strong><em>de</em></strong></span> <span class='ocrx_word' id='word_1_248' title='bbox 329 3119 525 3212; x_wconf 82' lang='lat' dir='ltr'>Tribubusp.</span> <span class='ocrx_word' id='word_1_249' title='bbox 546 3127 610 3178; x_wconf 79' lang='lat' dir='ltr'><strong><em>9et</em></strong></span> <span class='ocrx_word' id='word_1_250' title='bbox 630 3073 840 3195; x_wconf 79' lang='lat' dir='ltr'>Schweglerum</span> <span class='ocrx_word' id='word_1_251' title='bbox 856 3125 929 3181; x_wconf 78' lang='lat' dir='ltr'><strong>Hist.</strong></span> <span class='ocrx_word' id='word_1_252' title='bbox 949 3126 1029 3181; x_wconf 85' lang='lat' dir='ltr'>Rom.</span> <span class='ocrx_word' id='word_1_253' title='bbox 1046 3125 1108 3194; x_wconf 88' lang='lat' dir='ltr'><strong><em>IIp</em></strong></span> <span class='ocrx_word' id='word_1_254' title='bbox 1110 3131 1187 3181; x_wconf 78' lang='lat'>..¹352</span> <span class='ocrx_word' id='word_1_255' title='bbox 1237 3113 1238 3164; x_wconf 55' lang='grc' dir='ltr'><strong><em>ί</em></strong></span> 
     </span>
     <span class='ocr_line' id='line_1_29' title="bbox 166 3188 1187 3266; baseline 0.002 -18"><span class='ocrx_word' id='word_1_256' title='bbox 166 3200 183 3248; x_wconf 83' lang='grc'><strong><em>5</em></strong></span> <span class='ocrx_word' id='word_1_257' title='bbox 207 3188 337 3248; x_wconf 77' lang='grc' dir='ltr'><strong><em>ἀπελύετ’</em></strong></span> <span class='ocrx_word' id='word_1_258' title='bbox 362 3195 383 3248; x_wconf 91' lang='lat'>0</span> <span class='ocrx_word' id='word_1_259' title='bbox 407 3191 552 3248; x_wconf 81' lang='grc' dir='ltr'><strong><em>ἀπελέλυτ’</em></strong></span> <span class='ocrx_word' id='word_1_260' title='bbox 579 3195 669 3250; x_wconf 80' lang='lat' dir='ltr'>cobet</span> <span class='ocrx_word' id='word_1_261' title='bbox 692 3195 800 3264; x_wconf 78' lang='lat' dir='ltr'>Obsp</span> <span class='ocrx_word' id='word_1_262' title='bbox 803 3202 881 3251; x_wconf 84' lang='grc'><strong><em>,150</em></strong></span> <span class='ocrx_word' id='word_1_263' title='bbox 954 3205 1031 3266; x_wconf 77' lang='grc' dir='ltr'><strong><em>σπρ</em></strong></span> <span class='ocrx_word' id='word_1_264' title='bbox 1033 3196 1082 3250; x_wconf 85' lang='grc' dir='ltr'><strong><em>όκλ</em></strong></span> <span class='ocrx_word' id='word_1_265' title='bbox 1082 3197 1187 3266; x_wconf 83' lang='grc' dir='ltr'><strong><em>ησιςΟ</em></strong></span> 
     </span>
     <span class='ocr_line' id='line_1_30' title="bbox 166 3214 1238 3336; baseline 0.003 -18"><span class='ocrx_word' id='word_1_266' title='bbox 166 3281 236 3320; x_wconf 81' lang='lat' dir='ltr'>corr</span> <span class='ocrx_word' id='word_1_267' title='bbox 255 3263 362 3319; x_wconf 78' lang='lat' dir='ltr'>Reieke</span> <span class='ocrx_word' id='word_1_268' title='bbox 431 3266 515 3319; x_wconf 70' lang='grc' dir='ltr'><strong><em>ἵκαὶ</em></strong></span> <span class='ocrx_word' id='word_1_269' title='bbox 533 3267 597 3320; x_wconf 82' lang='lat' dir='ltr'>add.</span> <span class='ocrx_word' id='word_1_270' title='bbox 616 3267 639 3319; x_wconf 94' lang='lat' dir='ltr'>B</span> <span class='ocrx_word' id='word_1_271' title='bbox 709 3270 742 3319; x_wconf 89' lang='lat'><strong><em>10</em></strong></span> <span class='ocrx_word' id='word_1_272' title='bbox 761 3214 816 3321; x_wconf 78' lang='grc' dir='ltr'><strong><em>ὑπδ</em></strong></span> <span class='ocrx_word' id='word_1_273' title='bbox 836 3267 858 3321; x_wconf 90' lang='grc' dir='ltr'>Ο</span> <span class='ocrx_word' id='word_1_274' title='bbox 879 3262 926 3321; x_wconf 84' lang='grc' dir='ltr'><strong><em>ἐπί</em></strong></span> <span class='ocrx_word' id='word_1_275' title='bbox 943 3267 1089 3336; x_wconf 76' lang='lat' dir='ltr'>Kiessling</span> <span class='ocrx_word' id='word_1_276' title='bbox 1153 3274 1189 3322; x_wconf 78' lang='lat'><strong><em>14</em></strong></span> <span class='ocrx_word' id='word_1_277' title='bbox 1237 3271 1238 3336; x_wconf 54' lang='grc' dir='ltr'><strong><em>λ</em></strong></span> 
     </span>
     <span class='ocr_line' id='line_1_31' title="bbox 167 3334 1238 3486; baseline 0.005 -29"><span class='ocrx_word' id='word_1_278' title='bbox 167 3334 407 3486; x_wconf 53' lang='lat'><em>63‘2662‘66</em></span> <span class='ocrx_word' id='word_1_279' title='bbox 416 3334 678 3476; x_wconf 61' lang='lat' dir='ltr'><em>262⁵6261mg</em></span> <span class='ocrx_word' id='word_1_280' title='bbox 697 3335 969 3478; x_wconf 53' lang='lat'><em>¹⁹26662660</em></span> <span class='ocrx_word' id='word_1_281' title='bbox 982 3337 1006 3464; x_wconf 75' lang='lat'><em>6</em></span> <span class='ocrx_word' id='word_1_282' title='bbox 1021 3339 1238 3463; x_wconf 60' lang='lat'><em>6666</em></span> <span class='ocrx_word' id='word_1_283' title='bbox 1237 3421 1238 3424; x_wconf 17' lang='grc' dir='ltr'><strong>κ</strong></span> 
     </span>
     <span class='ocr_line' id='line_1_32' title="bbox 167 3475 734 3547; baseline 0.007 -20"><span class='ocrx_word' id='word_1_284' title='bbox 167 3475 269 3545; x_wconf 74' lang='lat' dir='ltr'>berger</span> <span class='ocrx_word' id='word_1_285' title='bbox 288 3475 452 3545; x_wconf 84' lang='lat' dir='ltr'>Philologus</span> <span class='ocrx_word' id='word_1_286' title='bbox 472 3482 506 3531; x_wconf 78' lang='lat'><strong><em>28</em></strong></span> <span class='ocrx_word' id='word_1_287' title='bbox 526 3482 617 3546; x_wconf 82' lang='grc'>(1869)</span> <span class='ocrx_word' id='word_1_288' title='bbox 636 3496 663 3547; x_wconf 89' lang='lat' dir='ltr'><strong>p</strong></span> <span class='ocrx_word' id='word_1_289' title='bbox 684 3483 734 3532; x_wconf 77' lang='lat'><strong><em>547</em></strong></span> 
     </span>
    </p>
   </div>
   <div class='ocr_carea' id='block_1_4' title="bbox 0 0 1246 3876">
    <p class='ocr_par' dir='ltr' id='par_1_4' title="bbox 0 0 1246 3876">
     <span class='ocr_line' id='line_1_33' title="bbox 0 0 1246 3876; baseline 0 0"><span class='ocrx_word' id='word_1_290' title='bbox 0 0 1246 3876; x_wconf 95' lang='lat' dir='ltr'><strong><em> </em></strong></span> 
     </span>
    </p>
   </div>
  </div>
 </body>
</html>
