2496 3878
105 349 238 417 ενίσθαι
261 350 323 417 Ῥω
348 355 431 418 αίων
459 357 500 418 κλ
544 375 570 417 ω
597 376 615 417 τ
638 377 658 418 ν
722 353 804 419 οδον
851 353 933 418 κατὰ
960 349 998 418 δὲ
1029 363 1098 420 τῶν

35 436 37 490 λ
86 376 268 543 λαχόντων,
300 376 347 523 είμ
361 459 406 543 μὴ
438 354 572 542 έξίοάεοά,
604 351 747 544 χάαλεάξλς
772 401 828 524 κάλ
856 458 1097 546 ἀπαραιτήτως

34 549 35 570 ’
85 561 222 648 θεμένης
250 566 373 648 ζημίας.
411 559 509 641 οὗτός
534 587 569 630 τε
596 564 639 648 δη
663 563 681 630 ὁ
706 567 823 642 στόλος
844 567 892 642 είς
915 565 1097 652 Οὐελίτρας

46 670 238 756 ιικεύπρεπεί
270 670 397 758 ἀνάγκη
428 669 653 756 καταληφθεὶς
684 669 868 754 ἀπεστάλη,
900 669 954 736 καλ
986 671 1096 759 ἕτερος

84 771 177 852 αὖθις
200 776 244 843 οὐ
268 782 407 854 πολλαίς
428 775 563 862 ἡμέραις
584 777 726 863 ὕστερον
749 778 797 853 είς
815 778 963 863 Νώρβαν
985 781 1096 864 πόλιν,
1122 801 1136 842 ι

84 881 189 965 ἥέστι
213 889 278 948 τοῦ
301 885 458 946 Λατίνων
480 883 603 958 ἔθνους
625 882 686 947 οὐκ
709 879 846 967 ἀφανής.
1137 885 1160 926 0

140 987 254 1053 XIIII.
290 985 438 1071 ’Σγένετο
470 982 502 1051 δ’
533 984 634 1054 οὐδὲν
669 999 738 1053 τῶν
769 987 806 1053 έκ
838 991 1000 1073 λογισμοῦ
1026 1001 1096 1068 τοῖς

84 1097 265 1182 πατρικίοις
282 1093 365 1160 κατὰ
383 1103 468 1176 γοῦν
486 1094 547 1178 την
565 1092 682 1158 έλπίδα
700 1095 869 1179 λωφήσειν
886 1096 948 1180 τὴν
966 1095 1095 1180 στάσιν,

84 1199 147 1266 ἀλλ’
180 1202 217 1266 οί
242 1197 514 1286 περιλειφθέντες
541 1201 588 1265 ἔτι
615 1203 747 1286 χείρους
773 1211 844 1278 ταῖς
871 1201 985 1288 ὀργαῖς
1008 1197 1094 1288 ἦσαν

83 1306 129 1372 καὶ
155 1312 268 1392 πολλῇ
296 1315 335 1392 τῇ
363 1310 506 1392 καταβοῇ
529 1315 597 1370 τῶν
624 1309 814 1390 βουλευτῶν
842 1306 985 1393 ἐχρῶντο
1013 1309 1094 1374 κατά
1110 1333 1136 1372 ιο

83 1438 111 1478 τε
136 1412 332 1498 συστροφάς
358 1410 414 1477 καὶ
442 1409 601 1498 ἑταιρίας,
632 1411 740 1494 ὀλίγοι
769 1408 831 1498 μὲν
858 1417 1031 1492 συνιόντες
1056 1415 1093 1482 τὸ

85 1531 227 1603 πρῶτον,
257 1515 356 1583 ἔπειτ’
389 1517 511 1603 ἀθρόοι
544 1515 791 1604 συντονωτέρας
821 1520 884 1604 ἤδη
918 1517 1095 1604 γινομένης

83 1636 133 1710 τῆς
158 1625 304 1710 ἀπορίας
329 1621 385 1690 καὶ
417 1625 663 1710 συνδραμόντες
689 1625 739 1701 είς
765 1625 827 1709 τὴν
859 1624 985 1712 ἀγορὰν
1016 1629 1095 1704 τοὺς

82 1732 271 1817 δημάρχους
299 1729 414 1816 ἐβόων.
452 1733 677 1815 συναχθείσης
705 1727 735 1794 δ’
762 1726 819 1796 ὑπ’
846 1732 956 1798 αὐτῶν
980 1731 1129 1818 έκκλη-2

21 1915 22 1918 ρ
85 1842 150 1915 σίας
174 1839 358 1923 παρελθὼν
381 1839 529 1922 Σπόριος
551 1839 717 1920 Σικίνιος,
745 1835 783 1914 ὃς
810 1833 852 1921 ἦν
874 1847 935 1904 τοῦ
957 1837 1092 1926 ἀρχείου
1108 1861 1133 1902 15

85 1947 149 2010 τότε
171 1944 321 2028 ἡγεμών,
349 1942 448 2020 αὐτός
474 1966 508 2008 τε
535 1945 640 2019 πολὺς
667 1945 755 2029 ἔρρει
782 1945 864 2009 κατά
890 1955 947 2029 τῆς
969 1949 1094 2030 βουλῆς

86 2050 188 2128 αὔξων
216 2052 262 2128 ὡς
290 2046 418 2135 μάλιστ’
453 2047 532 2134 ἐνῆν
558 2051 618 2115 τὸν
646 2045 717 2114 κατ’
744 2049 844 2133 αὐτῆς
866 2054 1011 2136 φθόνον,
1038 2050 1092 2118 καὶ

87 2160 156 2233 τοὺς
177 2159 302 2234 ἀλλους
323 2156 418 2240 ἠξίου
442 2155 550 2240 λέγειν
574 2155 595 2220 ά
618 2166 804 2243 φρονοῦσιν
832 2158 879 2234 είς
905 2159 1092 2242 τὸκοινόν,

36 2263 220 2345 ιιιεμάλιστα
248 2259 287 2329 δὲ
313 2265 374 2329 τὸν
401 2265 556 2326 Σικίνιον
582 2259 638 2325 καὶ
665 2263 724 2327 τὸν
751 2264 903 2348 Βροῦτον
930 2261 1092 2345 ἀγορανό-

89 2392 163 2450 μους
187 2365 256 2435 τότ’
284 2369 381 2446 όντας
407 2367 584 2433 ἀνακαλῶν
612 2365 767 2453 ἑκάτερον
794 2366 827 2445 ἐξ
852 2367 1029 2451 ὀνόματος,
1059 2372 1133 2439 οἲοο

89 2473 213 2560 καὶτῆς
235 2477 367 2562 πρώτης
388 2472 599 2550 ἀποστάσεως
620 2483 666 2562 τῷ
689 2475 783 2562 δήμῳ
806 2469 927 2558 ἦρξαν,
954 2471 1008 2539 καλ
1031 2476 1092 2560 τὴν

90 2581 286 2667 δημαρχικὴν
309 2580 462 2659 ἐξουσίαν
485 2580 739 2664 εἰσηγησάμενοι
756 2590 882 2665 πρῶτοι
902 2580 1003 2666 αὐτῆς
1020 2584 1092 2648 έτυ-

91 2710 152 2769 χον.
189 2689 412 2773 παρελθόντες
435 2684 467 2751 δ’
494 2681 587 2752 οὗτοι
613 2688 691 2762 τοὺς
718 2687 1002 2770 κακοηθεστάτους
1024 2694 1127 2758 τῶν3

92 2795 190 2875 λόγων
216 2794 253 2858 έκ
280 2799 406 2860 πολλοῦ
432 2789 736 2879 παρεσκευασμένοι
763 2791 953 2879 διεξῄεσαν,
980 2795 1000 2860 ἃ
1023 2805 1093 2874 τοίς

92 2903 214 2976 πολλοῖς
241 2899 375 2965 ἀκούειν
401 2893 445 2983 ην
473 2895 707 2983 βουλομένοις,
737 2899 782 2975 ὡς
809 2897 846 2964 ἐκ
871 2904 1030 2987 προνοίας
1056 2926 1090 2967 τε
1105 2919 1132 2962 ιε

94 3002 141 3068 καὶ
162 3005 335 3090 ἐπιβουλῆς
355 3005 421 3072 ὑπὸ
448 3016 516 3070 τῶν
542 2993 708 3072 πλουσίων
736 3003 864 3090 γένοιθ’
891 3006 911 3089 ἡ
934 3004 1010 3091 περὶ
1032 3010 1091 3074 τὸν

156 3231 304 3288 θάλλοιΒ
405 3238 438 3286 10
457 3226 646 3302 έχ.ρῶντοΒ
747 3240 777 3288 11
798 3228 1089 3308 ἓτ<αι>ρ<ί>αςΒΙ
1213 3247 1214 3253 ’

97 3301 305 3374 ουν<ι>όντεςΒ
383 3312 415 3359 12
435 3304 584 3374 γινομένης
602 3303 625 3356 Β
643 3302 796 3374 γενομένης
812 3304 838 3357 R
915 3310 948 3358 15
967 3302 1092 3372 Σπόριος
1212 3317 1213 3357 3

95 3366 186 3435 Ἰκίλιος
202 3374 352 3442 legendum
371 3391 433 3430 osae
453 3374 574 3442 Sylburg
593 3377 691 3428 censet
753 3381 786 3428 21
806 3381 855 3440 τῆς
874 3391 927 3428 om.
949 3377 993 3426 Ba
1056 3381 1090 3427 22
1211 3397 1212 3459 η

99 3441 297 3518 δημαρ<χικ>ὴν
312 3447 335 3498 Β
