2484 3876
577 179 743 228 „Hfl

157 339 245 420 παρὰ
274 347 341 401 τῶν
369 335 501 423 έχῦρῦν
527 339 731 421 βουλόμενος
760 341 890 420 λαβεῖν,
922 334 965 401 δι’
998 329 1043 400 οὗ
1073 330 1103 398 δ’
1136 332 1174 397 ἀν
1222 340 1223 376 ³

159 442 241 526 αύτη
260 441 389 525 γένοιτο
408 447 533 529 τρόπον
551 442 605 509 καὶ
625 440 668 508 δι’
692 445 764 521 οἵας
783 444 955 528 δυνάμεως
973 441 1176 507 ἀνασκοπῶν
1222 449 1223 482 ¹

158 553 239 634 μίαν
257 549 388 636 εὕρισκε
406 548 578 636 Ῥωμαίοις
595 548 661 616 τότ’
685 549 867 616 ἀντίπαλον
885 551 982 636 ίσχύν
1007 549 1073 632 την
1095 547 1176 611 0130-

159 657 330 740 λούσκων,
364 658 396 721 εί
426 667 522 743 κοινῇ
553 657 756 742 χρησάμενοι
788 659 903 743 γνώμη
932 654 988 721 καὶ
1022 655 1178 739 τυχόντες

132 764 320 848 εὴγεμόνος
342 766 508 849 ἔμφρονος
526 761 740 847 ἐνστήσονται
758 765 841 848 πρὸς
861 763 983 840 αὐτούς
1002 764 1067 827 τὸν
1086 763 1177 825 πόλε-
1222 797 1223 806 1

124 873 232 955 3μον.
275 868 435 952 ἐλογίζετο
454 865 559 954 <μὲν>
578 865 653 955 οὖν,
676 871 721 948 ὡς
740 872 771 935 εί
786 874 908 936 πείσειε
927 873 1009 947 τοὺς
1030 866 1176 932 Οὐολού-

159 993 259 1053 σκους
283 973 445 1055 δέξασθαί
463 973 492 1041 τ’
515 976 618 1042 αὐτὸν
640 975 695 1042 καὶ
717 978 778 1061 την
801 977 983 1061 ἡγεμονίαν
1004 971 1177 1059 ἐπιτρέψαι
1212 986 1223 1014 ¹

158 1093 219 1148 τοῦ
249 1082 410 1165 πολέμου,
440 1082 563 1173 ῥηιδίως
592 1083 681 1171 αὐτῷ
713 1083 965 1169 διαπεπράξεται
993 1084 1035 1148 τὸ
1067 1083 1175 1164 ἔργον·
1222 1099 1223 1124 ¹

159 1188 312 1273 ἐτάραττε
339 1186 369 1252 δ’
397 1188 499 1254 αὐτὸν
525 1189 545 1272 ἡ
575 1192 779 1273 συνείδησις,
807 1190 857 1254 ὅτι
879 1189 1077 1263 πλειστάκις
1099 1185 1175 1250 κατά
1222 1203 1223 1236 ί

120 1313 146 1352 10
159 1295 216 1370 τάς
238 1294 342 1379 μάχας
365 1296 458 1360 δεινά
481 1296 650 1380 δεδρακὼς
671 1292 714 1380 ἦν
736 1297 858 1372 αὐτούς
879 1293 935 1360 καί
957 1299 1078 1370 πόλεις
1099 1309 1174 1374 συμ-

102 1442 108 1457 ·
159 1402 299 1485 μαχίδας
325 1399 544 1487 ἀφῃρημένος.
596 1403 637 1467 οὐ
665 1404 730 1487 μὴν
758 1401 880 1486 ἀπέστη
908 1425 945 1485 γε
972 1411 1036 1486 τῆς
1064 1401 1175 1480 πείρας

160 1508 215 1572 διά
237 1509 275 1572 τὸ
298 1516 358 1572 τοῦ
380 1509 543 1574 κινδύνου
566 1506 718 1592 μέγεθος,
742 1506 812 1573 ἀλλ’
839 1511 885 1584 είς
908 1509 992 1572 αύτά
1016 1509 1060 1572 τά
1084 1503 1172 1570 δεινά

158 1625 279 1698 χωρεῖν
306 1613 525 1697 ἐβουλεύσατο
555 1611 610 1678 καί
641 1615 779 1699 πάσχειν
811 1613 866 1679 ὑπ’
904 1614 1015 1678 αὐτῶν
1051 1613 1216 1678 &novum

123 1719 308 1803 4φυλάξας
331 1716 369 1784 δὲ
390 1720 493 1784 νύκτα
516 1718 570 1784 καὶ
593 1722 717 1804 ταύτην
740 1724 896 1786 σκοταίαν
923 1717 1005 1804 ἧκεν
1034 1721 1085 1796 είς
1098 1716 1170 1780 ’'Av-

120 1844 145 1885 15
158 1849 243 1908 τιον,
266 1827 326 1909 τὴν
349 1823 610 1909 ἐπιφανεστάτην
632 1838 699 1892 τῶν
723 1825 759 1891 έν
783 1827 1008 1903 Οὐολούσκοις
1033 1828 1169 1902 πόλεων,

158 1931 256 2014 ἡνίκα
278 1929 353 2015 περὶ
377 1933 514 1996 δεῖπνον
536 1927 621 2015 ἦσαν
640 1933 675 1996 οί
694 1934 776 1997 κατά
798 1934 859 2016 τὴν
880 1935 989 2016 πόλιν,
1011 1931 1071 1998 καὶ
1093 1951 1169 2012 παρ·
1222 1951 1223 1996 λ

159 2039 271 2104 ελῦὼν
290 2040 337 2114 είς
355 2040 464 2102 οἰκίαν
482 2037 605 2124 ἀνδρὸς
623 2039 781 2124 δυνατοῦ,
805 2037 848 2103 δι’
872 2037 1044 2123 εὐγένειάν
1066 2030 1167 2102 τεκαὶ
1222 2061 1223 2090 ι

158 2150 305 2211 πλοῦτον
336 2142 391 2208 καὶ
417 2145 475 2221 τάς
502 2144 538 2208 έν
566 2157 634 2222 τοῖς
660 2144 816 2229 πολέμοις
842 2144 975 2232 πράξεις
1002 2145 1089 2230 μέγα
1116 2141 1131 2206 έ
1156 2135 1163 2158 ’
1222 2165 1223 2170 ’

160 2250 264 2340 ἑαυτῷ
293 2260 500 2337 φρονοῦντος
526 2249 580 2316 καὶ
608 2254 645 2317 τὸ
674 2255 773 2329 ἔθνος
796 2253 876 2317 ὅλον
899 2255 1040 2334 ἀγοντος
1064 2252 1109 2326 ὡς
1130 2247 1165 2321 τά

120 2381 146 2420 νο
159 2360 277 2442 πολλά,
300 2351 326 2446 ᾧ
350 2359 476 2437 Τύλλος
489 2355 618 2446 ’Ἁττιος
641 2361 745 2442 ὄνομα
763 2353 817 2442 ἦν,
842 2356 948 2440 ἱκέτης
968 2369 1029 2423 τοῦ
1047 2355 1166 2438 ἀνδρὸς

123 2469 285 2549 5γίνεται
307 2467 525 2549 καθεζόμενος
554 2462 607 2530 ἐπὶ
629 2473 686 2548 τῆς
709 2461 824 2540 ἑστίας.
871 2464 1113 2548 διηγησάμενος
1134 2453 1161 2521 δ’

159 2573 247 2659 αὐτῷ
266 2572 324 2648 τάς
341 2572 566 2656 κατασχούσας
584 2571 686 2636 αὐτὸν
704 2570 858 2654 ἀνάγκας,
877 2567 921 2634 δι’
940 2570 978 2647 ἀς
993 2567 1165 2654 ὑπέμεινεν

159 2674 212 2740 ἐπὶ
234 2680 312 2752 τοὺς
335 2676 478 2762 ἐχθροὺς
500 2689 718 2761 καταφυγεῖν,
748 2675 862 2763 μέτρια
885 2675 979 2760 ἠξίου
1002 2682 1163 2762 φρονῆσαι

159 2779 214 2845 καὶ
242 2781 439 2867 ἀνθρώπινα
466 2781 540 2867 περὶ
566 2781 689 2867 ἀνδρὸς
718 2781 826 2848 ίκέτου
853 2780 908 2848 καί
938 2780 1050 2866 μηκέτι
1073 2773 1217 2846 πολύ-1505

120 2906 146 2947 τε
160 2910 238 2970 μιον
256 2885 410 2970 ἡγεῖσθαι
428 2889 487 2952 τὸν
505 2887 696 2972 ὑποχείριον
715 2886 791 2971 μηδ’
809 2892 855 2966 είς
872 2892 951 2966 τοὺς
969 2887 1162 2974 ἀτυχοῦντας

158 2991 212 3057 καὶ
248 2992 547 3078 τεταπεινωμένους
585 2992 848 3060 ἀποδείκνυσθαι
885 2995 946 3078 τὴν
983 2997 1078 3080 ίσχύν
1115 2989 1161 3056 έ-

231 3157 247 3205 6
266 3145 401 3219 ἐλογίζετο
415 3159 484 3219 γοῦν
499 3149 521 3204 O
537 3147 671 3220 ἐλογίζετο
686 3147 737 3206 οὖν
751 3169 773 3207 ο.
790 3151 913 3206 Βίωῖεοίε
923 3152 984 3206 Em.
993 3151 1073 3206 Dion.
1083 3148 1121 3204 III
1131 3149 1159 3198 12

160 3217 182 3276 έ.
201 3221 252 3292 μὲν
271 3218 323 3277 ούν
342 3220 442 3276 Garrer
457 3220 521 3275 obs.
537 3241 563 3292 p.
579 3230 612 3278 38
685 3230 701 3277 9
720 3223 877 3286 πλειστάκις
896 3222 980 3295 κατὰ]
995 3218 1098 3277 πλεῖστ’
1113 3216 1158 3271 αὖ·

159 3294 224 3356 τοῦς
242 3293 314 3348 κατὰ
328 3310 351 3347 ο.
372 3291 461 3348 Cobet
475 3292 539 3348 obs.
554 3312 581 3362 p.
599 3300 648 3349 152
667 3299 782 3348 πλεῖστα
800 3293 872 3348 κατὰ
886 3293 960 3348 Prou
1015 3300 1048 3348 10
1066 3287 1159 3346 αύτούς

160 3364 214 3418 del.
234 3364 322 3419 Cobet
340 3365 392 3420 1.1.
448 3370 482 3418 14
497 3361 600 3420 Ἀντίου
614 3365 666 3420 AB
722 3371 754 3420 15
770 3361 800 3420 έν
819 3382 873 3420 om.
887 3367 912 3418 A
966 3371 1000 3418 22
1019 3364 1158 3434 ὑπέμεινεν

159 3435 185 3486 Α
203 3433 338 3504 ὑπομένει
356 3440 434 3504 Amg
493 3443 527 3490 26
543 3432 815 3492 έπιαποδείκνυτῦαι
833 3437 858 3487 Α
