2484 3876
497 227 530 238 -
567 199 594 249 11
631 169 675 237 -'
1026 193 1089 260 τοι

82 362 179 426 πόλιν.
222 360 444 445 παραδόντων
475 352 514 423 δέ
542 357 700 441 κάκείνην
722 369 791 424 τῶν
820 358 921 424 ἐνδον
946 355 1089 443 ἀμαχητὶ

81 465 129 532 καλ
149 466 227 549 μετὰ
244 469 371 549 πολλῆς
388 467 578 548 προθυμίαις
595 463 719 549 ἀγοράς
736 485 771 530 τε
789 467 1029 550 παρασχόντων
1048 471 1089 549 τη

81 573 209 656 δυνάμει
238 570 297 638 καὶ
319 572 469 658 χρήματα
491 567 548 635 καὶ
569 569 632 635 ὅσα
654 571 739 635 ἀλλα
762 567 952 636 ἐπετέτακτο
976 569 1090 648 αὐτοῖς

80 677 172 760 ἀπῆγε
193 679 258 763 τήν
284 678 441 764 στρατιὰν
459 676 504 754 ὡς
527 677 583 741 διά
606 679 719 761 φιλίας
740 685 809 760 γῆς.
854 676 945 742 πάνυ
962 677 1026 763 γὰρ
1046 657 1126 762 δή5

79 782 125 848 καί
141 783 228 850 τοῦτ’
252 781 470 864 ἐσπούδαζεν,
487 782 533 858 ὡς
550 777 655 865 μηδὲν
673 782 709 848 οί
718 782 960 866 παραδιδόντες
975 781 1090 861 αὐτοῖς
1115 803 1130 843 ε

79 890 127 966 τᾶς
138 892 252 967 πόλεις
266 891 422 973 πάθοιεν,
439 882 487 954 ὧν
504 893 599 973 φιλεί
614 889 699 974 δρᾶν
717 887 736 954 δ
754 889 909 972 πόλεμος,
930 886 1015 953 ἀλλὰ
1033 888 1090 954 καὶ

79 1003 132 1076 γῆν
150 994 308 1081 ἀδῄωτον
329 994 599 1078 ἀπολαμβάνοιεν
613 992 670 1060 καὶ
686 994 878 1078 βοσκήματα
892 991 948 1059 καὶ
966 991 1089 1079 ἀνδρά-

78 1103 165 1185 ποδα,
183 1103 249 1168 ὅσα
263 1101 441 1169 κατέλιπον
455 1099 590 1167 ἐπὶτῶν
604 1102 763 1185 κτήσεων,
778 1102 977 1184 κομίζοιντο,
996 1097 1090 1164 αύλί-

79 1209 184 1283 ζεσᾶαί
208 1206 239 1274 τ’
267 1209 331 1276 ούκ
357 1215 411 1274 εἴα
437 1209 498 1293 τήν
522 1207 667 1290 δύναμιν
690 1204 728 1272 έν
750 1217 822 1283 ταῖς
847 1208 1002 1290 πόλεσιν,
1031 1207 1088 1272 ἵνα

80 1314 115 1395 μή
131 1337 161 1378 τι
178 1313 319 1400 γένηται
338 1311 382 1381 δι’
401 1313 549 1399 ἀρπαμής
565 1312 649 1398 πρὸς
666 1309 778 1377 αὐτῶν
795 1310 816 1396 ή
830 1317 955 1398 κλοπῆς
972 1316 1089 1397 κακόν,
1104 1331 1131 1372 1⁰

80 1416 152 1484 ἀλλά
172 1423 267 1507 παρὰ
290 1432 360 1496 τοῖς
381 1421 502 1504 τείχεσι
523 1415 871 1504 κατεστρατοπέδευεν.

134 1523 205 1590 ΧΧ.
231 1520 314 1591 Ἀπὸ
333 1521 371 1590 δέ
388 1526 509 1609 ταύτης
530 1523 717 1609 ἀναστήσας
738 1531 797 1608 τῆς
817 1526 944 1600 πόλεως
964 1523 1090 1607 ήλαυνε

81 1630 129 1694 τὸν
149 1633 296 1717 στρατὸν
320 1629 374 1697 ἐπὶ
396 1634 555 1713 Βοίλλας,
581 1630 725 1716 ἐπιφανῆ
748 1632 821 1696 τότε
845 1623 952 1695 οὖσαν
973 1627 1029 1695 καὶ
1052 1627 1090 1696 ἐν

38 1735 195 1820 ιιιεόλίμαις
216 1739 310 1803 πάνυ
332 1747 405 1814 ταῖς
421 1735 623 1822 ἡγουμέναις
638 1746 701 1804 τοῦ
718 1739 874 1802 Λατίνων
890 1733 1010 1820 γένους
1029 1739 1090 1802 πό-

83 1845 162 1908 λεσιν
184 1842 430 1929 ἐξεταζομένην.
475 1842 517 1909 ού
539 1840 814 1928 προσδεξαμένων
837 1839 868 1908 δ’
895 1842 999 1910 αὐτὸν
1018 1854 1087 1908 τῶν
1101 1859 1129 1902 ιο

84 1949 182 2034 ἐνδον,
220 1951 307 2016 ἀλλά
337 1959 384 2037 τῷ
416 1945 446 2015 τ’
483 1947 621 2034 ἐρύματι
651 1951 878 2015 πιστευόντων
909 1947 1017 2037 ἐχυρςδ
1049 1971 1088 2033 γε

84 2057 199 2142 σφόδρα
228 2059 303 2122 όντι
330 2052 386 2120 καὶ
412 2064 458 2144 τῷ
484 2058 608 2140 πλήθει
636 2065 704 2120 τῶν
730 2052 784 2121 ἀτί
817 2054 922 2120 αὐτοῦ
944 2071 1089 2140 μαχησο-

85 2158 179 2242 μένων
200 2161 435 2249 παρακαλέσας
461 2161 523 2246 τήν
549 2162 693 2245 δύναμιν
715 2159 937 2245 ἀγωνίζεσθαι
958 2159 1089 2245 προδό-

87 2289 140 2347 μος
168 2269 224 2335 καὶ
255 2280 326 2346 τοῖς
356 2268 499 2352 πρώτοις
530 2265 662 2350 ἐπιβᾶσι
693 2275 755 2332 τοῦ
786 2269 916 2351 τείχους
944 2263 1089 2348 μεγάλας

86 2372 195 2458 δωρεὰς
222 2376 452 2460 ὑποσχόμενος
484 2375 585 2459 ἔργον
615 2379 734 2459 είχετο·
765 2369 821 2438 καὶ
847 2373 974 2454 γίνεται
1001 2369 1088 2454 μάχη
1102 2389 1130 2430 ιο

87 2478 147 2564 περὶ
166 2492 205 2567 τῇ
229 2483 326 2548 πόλει
349 2480 452 2564 ταύτη
473 2479 625 2565 καρτερύ.
670 2479 712 2544 οὐ
734 2479 797 2563 γὰρ
817 2479 923 2561 μόνον
945 2475 1010 2542 ἀπὸ
1028 2479 1125 2543 τοῦ2

43 2589 201 2670 ιιιετείχους
223 2589 392 2672 ἠμύνοντο
415 2587 495 2662 τοὺς
515 2587 715 2670 προσιόντας
736 2583 773 2650 οί
788 2583 982 2666 Βοιλλανοί,
1004 2581 1089 2647 ἀλλὰ

89 2688 131 2754 καὶ
146 2695 201 2772 τᾶς
218 2695 326 2769 πύλας
340 2690 533 2769 ἀνοίξαντες
551 2687 686 2768 ἐξέθεον
705 2685 906 2773 ἀδρόοικαὶ
927 2690 1009 2754 κατὰ
1027 2697 1089 2755 τοῦ

88 2811 219 2879 πρανοῦς
256 2799 389 2865 ἐώθουν
426 2800 484 2884 βίηι
514 2799 593 2873 τοὺς
623 2793 881 2881 ὑφισταμένους·
917 2796 1022 2880 φόνος
1052 2819 1088 2862 τε

146 3033 160 3080 2
178 3026 228 3082 καὶ
246 3027 283 3089 ὡς
301 3023 371 3096 μετδι
386 3024 409 3078 Ο
427 3025 541 3093 praeter
557 3021 581 3074 Β
653 3027 671 3074 4
689 3019 743 3091 γὰρ
762 3021 798 3090 δή
817 3021 867 3076 καί
880 3020 906 3074 Α
923 3020 977 3091 γὰρ
995 3021 1044 3076 καί
1062 3021 1088 3075 R

93 3096 203 3162 δαάιοῑς
222 3097 246 3152 O
265 3095 347 3151 αὐτοὶ
364 3094 510 3164 Kiessling
569 3099 602 3147 13
621 3092 712 3166 βωλᾶς
729 3093 755 3146 Δ
773 3092 856 3166 βολὰς
874 3092 897 3145 Β
916 3109 986 3146 corr.
1006 3091 1088 3148 Gele-

92 3162 140 3218 nius
157 3185 171 3223 ε
189 3167 288 3238 steph.
306 3167 372 3235 Byz.
392 3185 414 3220 ε.
427 3183 454 3220 v.
474 3166 590 3226 Βοίλλας
606 3168 610 3232 Ι
627 3159 753 3232 ἐπιφανῆ
771 3184 801 3220 τε
819 3163 882 3219 τότε
897 3163 919 3218 Ο
934 3165 1048 3232 praeter
1064 3163 1088 3216 B

93 3238 117 3289 16
133 3233 216 3313 ἐχυρῷ
235 3258 265 3294 τε
284 3239 345 3294 ὄντι
363 3235 475 3306 σφόδρα
495 3235 517 3290 Ο
540 3234 694 3304 praeterB
786 3241 818 3289 19
836 3234 957 3304 πρώτοις
975 3227 1089 3304 ἐπιβᾶσι

94 3303 229 3378 Βιιρύτως
246 3309 410 3382 ἐπιβαλοῦσι
429 3307 454 3360 R
530 3312 565 3361 22
585 3305 705 3360 Βολανοί
723 3305 746 3359 Β
818 3312 853 3358 23
873 3299 989 3368 ἐξέθεον
1008 3303 1089 3357 ἀνοί-

93 3374 172 3443 ξαντες
189 3382 213 3434 Β
239 3377 262 3436 ἐ.
280 3382 444 3449 ἀνοίγοντες
461 3377 488 3430 R
506 3393 575 3433 corr.
594 3375 699 3430 Reiske
788 3381 823 3429 24
842 3370 1045 3442 ἐφισταμένους
1064 3373 1087 3430 Ο

95 3460 148 3506 νοτε.
165 3451 288 3521 Sylburg
