2484 3876
139 197 203 261 168
559 195 725 246 -Η-

96 359 196 424 3τον
222 359 269 433 είς
295 358 333 422 τὸ
358 358 474 422 κοινὸν
504 356 611 439 ἔθηκα
631 353 756 439 φέρων.
801 357 944 439 πότερον
966 348 1031 419 οὖν
1053 377 1155 438 τιμω·

137 467 211 550 ρίας
232 462 323 542 ἄξιος
344 457 388 546 ήν
410 459 464 527 ἐπὶ
482 463 612 538 τούτοις
634 459 781 546 ὑπέχειν,
803 461 938 545 ήτιμδς
957 460 1153 544 λαμβάνειν,

136 567 191 635 καὶ
214 571 354 654 πότερον
373 568 439 634 ὑπὸ
461 578 531 646 τοῖς
547 570 714 645 κακίστοις
731 565 890 651 γενέσθαι
908 578 976 633 τῶν
994 572 1154 650 πολιτῶν,

137 675 220 760 ἣτδι
242 677 354 742 δίκαια
379 675 509 740 τάττειν
531 674 631 750 αὐτὸς
657 685 727 751 τοῖς
752 674 901 757 ήττοσινς
931 670 1003 738 ἀλλ’
1031 673 1072 739 ού
1097 674 1154 738 διὰ

110 781 239 848 εταῦτά
261 806 301 867 με
324 782 493 866 ἀπήλασεν
515 781 533 846 δ
557 781 671 864 δήμος,
694 777 766 846 ἀλλ’
794 781 845 846 ὅτι
866 777 943 865 περὶ
966 781 1026 845 τὸν
1048 780 1155 845 ἄλλον

137 891 214 972 βίον
237 887 419 965 ἀκόλαστος
439 884 495 952 καὶ
516 887 700 970 πολυτελής
721 884 778 951 καὶ
799 885 991 971 παράνομος
1013 880 1071 968 hm
1097 882 1154 950 καὶ

137 998 186 1072 τίς
207 994 251 1060 δν
272 998 342 1081 ἔχοι
365 993 474 1072 δεῖξαί
488 1017 563 1058 τινα
586 994 642 1058 διδ
666 992 723 1070 τὰς
741 991 820 1076 έμδς
837 995 1053 1079 παρανόμους
1073 991 1155 1074 ήδο-

136 1102 197 1177 νδς
219 1100 240 1185 ή
263 1099 324 1182 τήν
341 1101 483 1185 πατρίδα
502 1100 669 1183 φεύγοντα
687 1098 708 1183 ή
726 1099 788 1183 τήν
806 1097 1004 1184 ἐλευθερίαν
1022 1097 1155 1163 ἀπολω-

138 1207 255 1271 λεκότα
277 1205 298 1290 ή
321 1204 497 1291 χρημάτων
520 1206 720 1289 στερόμενον
742 1203 763 1288 ή
790 1205 874 1290 άλλη
901 1201 968 1269 τινὶ
995 1213 1155 1291 συμφορᾷ

97 1331 124 1371 10
137 1311 361 1398 χρησάμενονς
384 1308 455 1376 ἀλλ’
483 1305 562 1375 ούδδ
584 1320 653 1376 τῶν
675 1308 808 1396 ἐχθρῶν
826 1333 867 1393 με
887 1307 1000 1387 οὐδεὶς
1020 1311 1154 1377 πώποτε

138 1416 295 1503 ήτιάσατο
318 1413 397 1484 οὐδὲ
421 1417 575 1501 διέβαλεν
603 1412 653 1481 ἐπ’
679 1413 794 1482 οὐδενὶ
816 1417 960 1500 τούτων,
987 1413 1060 1482 ἀλλ’
1086 1417 1154 1482 ύπὸ

137 1525 271 1590 πάντων
301 1523 513 1609 ἐμαρτυρεῖτό
549 1545 607 1606 μοι
640 1519 695 1588 καὶ
725 1523 743 1588 δ
772 1516 851 1586 καθ’
884 1520 1010 1608 ἡμέραν
1041 1521 1155 1587 ἀνεπί-

97 1634 261 1715 4ληπτος
282 1625 369 1695 εἶναι
392 1633 473 1714 βίος.
518 1625 591 1694 ἀλλ’
616 1626 638 1710 ή
660 1631 867 1714 προαίρεσις,
893 1629 936 1712 νή
959 1631 1042 1712 Δία,
1069 1632 1154 1713 φαίη

139 1759 188 1812 τις
214 1737 273 1818 άν,
303 1736 324 1818 ή
355 1746 423 1800 τῶν
449 1735 698 1818 πολιτευμάτων
726 1750 788 1800 σου
820 1740 1000 1818 μισηθεῖσα
1028 1736 1155 1819 ταύτην

18 1883 42 1951 >
99 1859 126 1901 ιε
141 1840 349 1926 ἐξειργάσατό
373 1857 426 1906 σοι
444 1840 506 1924 τήν
524 1841 709 1926 συμφοράν.
755 1838 831 1918 έξὸν
848 1841 912 1925 γὰρ
937 1838 1073 1906 ἑλέσθαι
1091 1842 1155 1925 τήν

138 1950 272 2031 κρείττω
296 1948 415 2033 μερίδα
433 1947 494 2030 τήν
512 1949 647 2033 χείρονα
665 1947 758 2012 είλου
776 1944 832 2012 καὶ
851 1945 1007 2024 διετέλεις
1023 1948 1155 2014 ἅπαντα

137 2051 193 2120 καὶ
216 2051 323 2136 λέγων
345 2051 400 2118 καὶ
422 2054 591 2136 πράττων,
618 2051 651 2130 ἐξ
680 2047 728 2118 ὧν
755 2055 1020 2136 καταλυθήσεται
1047 2051 1110 2138 μὲν
1132 2056 1218 2139 ἡιειε

137 2161 275 2246 πάτριος
306 2158 554 2246 ἀριστοκρατία,
589 2160 705 2245 κύριος
739 2154 769 2223 δ’
806 2161 897 2224 ἔσται
930 2171 998 2225 τῶν
1028 2171 1155 2227 κοινῶν
1240 2211 1241 2250 χ

138 2270 236 2355 ὄχλος
250 2267 383 2351 ἀμαθής
395 2263 449 2331 καὶ
463 2267 615 2351 πονηρός.
654 2260 726 2330 ἀλλ’
744 2266 848 2348 ἔγωγε
864 2263 1022 2330 τάναντία
1036 2267 1155 2352 ἔπρατ-

98 2393 125 2433 ιο
139 2398 209 2458 τον,
232 2368 257 2438 ὦ
282 2372 451 2457 Μηνύκιε,
480 2370 535 2437 καὶ
563 2372 652 2448 ὅπως
677 2370 698 2453 ἡ
721 2372 827 2455 βουλή
855 2381 922 2436 τῶν
949 2381 1074 2438 κοινῶν
1098 2373 1154 2437 διδ

137 2483 260 2557 παντὸς
291 2478 519 2565 ἐπιμελήσεται
550 2475 606 2543 καὶ
638 2478 656 2544 ὁ
684 2477 820 2559 πάτριος
851 2478 1004 2562 διαμενεῖ
1029 2481 1155 2564 κόσμος

102 2585 195 2670 ὁτῆς
220 2590 385 2663 πολιτείας
411 2585 657 2672 προύνοούμην.
702 2581 777 2648 ἀντὶ
799 2584 927 2649 τούτων
948 2583 1064 2668 μέντοι
1085 2597 1154 2652 τῶν
1239 2663 1240 2678 ἶ

137 2695 250 2756 καλῶν
271 2689 551 2776 ἐπιτηδευμάτων,
572 2691 594 2758 δ
616 2700 687 2768 τοῖς
706 2692 888 2774 προγόνοις
908 2688 1003 2773 ήμῶν
1027 2694 1153 2776 ζηλωτὰ
1239 2699 1240 2736 ³

138 2787 225 2858 εἶναι
252 2792 376 2878 ἐδόκει,
403 2794 462 2871 τδς
488 2794 634 2878 εὐτυχεῖς
656 2792 776 2869 ταύτας
797 2791 854 2859 καὶ
876 2798 1038 2880 μακαρίας
1060 2802 1152 2865 κεκύ-

98 2917 124 2957 νε
138 2915 256 2983 μισμαι
273 2900 361 2984 παρδι
379 2908 437 2983 τῆς
454 2899 611 2983 πατρίδος
629 2897 780 2982 ἀμοιβάς,
800 2899 861 2986 οὐχ
878 2899 944 2966 ὑπὸ
961 2912 1024 2968 τοῦ
1043 2905 1152 2988 δήμου

138 3007 245 3088 μόνον
272 3004 476 3088 ἐξελασθείς,
507 3000 533 3069 ὦ
559 3005 730 3089 Μηνύκιε,
762 3004 845 3070 άλλδ
874 3010 961 3073 πολὺ
988 3011 1153 3094 πρότερον

209 3238 299 3294 δύπδ
318 3236 341 3293 Ο
361 3231 408 3293 ἐπὶ
426 3253 450 3293 ο.
465 3235 554 3292 Cobet
568 3236 633 3291 obs,
647 3252 675 3304 p.
692 3237 742 3289 160
808 3232 960 3305 4<ού>Β
1025 3241 1058 3290 12
1078 3240 1152 3292 καθ-
1238 3184 1239 3271 δ

137 3305 286 3379 ημέρανΒ
377 3314 410 3362 13
429 3305 490 3362 ἀλλ’
511 3324 566 3363 om.
584 3305 634 3360 Bc
726 3309 759 3358 16
778 3305 949 3366 διετελεῖςΒ
1035 3314 1069 3360 21
1090 3310 1153 3362 δια-

136 3374 259 3510 χέειχςειΟΑ
281 3379 443 3450 διαμένηΒ
509 3383 573 3432 ’θλ
591 3373 881 3448 κεκυ<μισ>μ<αι>Β
976 3383 1010 3432 26
1029 3373 1153 3444 *ἐξελα-
