2484 3876
105 185 168 252 186
527 187 693 236 -Η-

101 357 276 435 χωροῦσαν
302 347 428 433 ἀνδρας
450 345 600 431 ἀγαθοὺς
622 350 730 412 πόλιν.
776 344 831 412 καὶ
853 343 964 431 ὑμεῖς,
993 340 1020 410 ὦ
1044 344 1124 412 θεοὶ

100 456 230 538 κτήσιοι
256 449 312 519 καὶ
339 451 430 519 ἑστία
458 449 593 540 πατρῴα
615 450 670 518 καὶ
693 453 851 538 δαίμονες
873 452 909 519 ολ
928 449 1124 539 κατέχοντες

65 563 220 627 4τούτον
242 561 302 625 τὸν
323 561 438 644 τύπον,
460 561 596 645 χαίρετε.
643 558 688 636 ὡς
710 555 748 624 δέ
771 554 862 626 ταῦτ’
889 553 993 642 εἶπεν,
1023 558 1121 643 ἡμεῖς

56 699 61 707 ·
100 663 161 751 μὲν
175 667 213 732 αἱ
224 668 397 750 δυστυχεῖς
415 665 454 742 ἀς
471 667 509 731 τὸ
527 665 636 742 πάθος
655 661 773 752 ἀπῄτει
791 665 907 750 φωνὰς
924 663 1120 750 ἀναβοῶσαι

9 809 13 816 ·
74 769 156 838 ικαὶ
177 775 335 838 παίουσαι
357 772 398 836 τά
421 773 527 856 στήδη
550 772 796 857 περιεχύθημεν
814 769 905 858 αὐτῷ
925 772 1004 848 τοὺς
1023 769 1120 856 ἐσχά-

99 902 178 954 τους
201 876 394 961 ἀσπασμοὺς
415 877 644 961 κομωύμεναι·
669 886 738 942 τῶν
761 872 799 941 δὲ
821 877 966 941 παιδίων
988 878 1120 944 τούτων

101 983 164 1067 ἐγὼ
188 979 249 1067 μὲν
272 985 309 1049 τὸ
331 983 557 1068 πρεσβύτερον
579 976 674 1066 ήγον,
704 982 724 1065 ἡ
749 977 787 1046 δὲ
810 982 915 1068 μήτηρ
938 984 976 1048 τὸ
999 984 1120 1048 νεώτε-

35 1139 38 1144 -
100 1113 162 1173 ρον
194 1083 282 1174 εἶχεν
319 1086 371 1154 ἐπὶ
407 1096 464 1172 τής
496 1086 652 1173 ἀγκάλης·
689 1086 708 1153 ὁ
742 1084 771 1152 δ’
806 1086 1030 1174 ἀποστραφεὶς
1061 1087 1119 1155 καὶ

99 1193 336 1279 παρωσάμενος
362 1195 448 1278 ἡμᾶς
474 1189 579 1260 εἶπεν·
611 1195 697 1260 Οὐτε
725 1196 784 1272 σὸς
810 1194 884 1272 υίὸς
910 1197 974 1277 ἐτι,
1002 1203 1118 1281 μήτερ,

61 1319 87 1367 ιο
100 1302 190 1366 ἐσται
216 1301 277 1366 τὸν
300 1298 364 1366 ἀπὸ
387 1286 487 1366 τοῦδε
508 1303 632 1387 χρόνον
653 1298 818 1385 Μάρκιος,
847 1296 920 1365 ἀλλ’
948 1298 1123 1388 ἀφῄρηταί

100 1422 137 1472 σε
159 1407 220 1472 τὸν
242 1408 450 1491 γηροβοσκὸν
473 1405 494 1489 ἡ
516 1409 644 1493 πατρίς,
667 1407 743 1472 οὐτε
766 1408 823 1484 σὸς
846 1405 931 1491 ἀνήρ
950 1406 1015 1474 ἀπὸ
1038 1410 1119 1474 ταύ-

99 1537 167 1598 της,
190 1508 217 1578 ὦ
238 1513 463 1598 Οὐολουμνία,
485 1520 542 1596 τῆς
559 1509 692 1599 ήμέρας,
715 1509 789 1578 ἀλλ’
810 1511 982 1598 εὐτυχοίης
1000 1512 1197 1601 ἕτερονισοκ

99 1621 207 1706 ἀνδρα
230 1622 379 1703 λαβοῦσα
401 1617 699 1704 εὐδαιμονέστερον
722 1617 820 1704 ἐμοῦ,
848 1616 926 1686 οὐδ’
953 1619 1065 1705 ὑμῶν,
1090 1617 1118 1688 ὦ

100 1722 197 1790 τέκνα
219 1727 369 1809 φίλτατα,
397 1727 515 1808 πατήρ,
542 1721 613 1790 ἀλλ’
642 1722 785 1812 ὀρφανοὶ
807 1722 863 1790 καὶ
887 1727 1004 1813 ἔρημοι
1026 1727 1119 1812 παρὰ

60 1819 247 1933 Ξταύταις,
275 1829 336 1907 ἕως
362 1830 409 1908 είς
436 1830 562 1914 ἀνδρας
588 1832 724 1916 ἔλθητε,
752 1834 974 1919 τραφήσεσθε.
1017 1829 1113 1897 ταῦτ’

99 1938 201 2003 εἰπὼν
223 1933 297 2001 ἀλλ’
323 1932 429 2002 οὐδὲν
453 1937 528 2002 οὐτε
557 1936 811 2022 διοικησάμενος
834 1936 904 2005 οὐτ’
930 1937 1118 2015 ἐπιστείλας

97 2041 175 2110 οὐδ’
206 2043 282 2109 ὅποι
308 2043 483 2128 πορεύεται
509 2043 638 2129 φράσας
665 2041 818 2128 ἀπῆλθεν
850 2043 886 2110 ἐκ
918 2051 977 2128 τής
1008 2045 1118 2122 οίκίας

97 2153 214 2235 μόνος,
241 2144 268 2214 ὦ
295 2159 465 2234 μυναίκες,
492 2149 651 2233 άδουλος,
678 2151 816 2236 ἀπορος,
847 2146 927 2217 οὐδὲ
949 2151 1012 2235 τήν
1036 2149 1118 2235 ἐφή-

6 2283 12 2291 ·
97 2280 199 2344 μερον
226 2255 245 2322 ὁ
274 2255 437 2341 δύστηνος
469 2253 505 2322 ἐκ
534 2266 601 2321 τῶν
630 2252 750 2322 ἑαυτοῦ
777 2256 955 2342 χρημάτων
983 2257 1116 2344 τροφήν

56 2391 83 2432 ιο
97 2362 307 2448 ἐπαγόμενος.
355 2358 410 2428 καὶ
437 2359 593 2446 τέταρτου
624 2359 778 2428 ἐνιαυτὸν
810 2362 874 2447 ήδη
908 2372 1047 2448 τοῦτον,
1081 2361 1115 2442 ἐξ

96 2465 137 2536 οὐ
160 2470 277 2554 φεύγει
298 2469 361 2554 τήν
382 2470 536 2555 πατρίδα,
565 2469 689 2546 πάντας
710 2470 796 2554 ἡμᾶς
818 2468 1015 2556 ἀλλοτρίους
1038 2467 1116 2535 ἑαυ-

95 2585 155 2642 τοῦ
178 2579 364 2660 νενόμικεν,
386 2575 427 2640 οὐ
450 2574 590 2662 γράφων
613 2572 730 2658 οὐδέν,
753 2575 815 2641 οὐκ
835 2573 1051 2661 ἐπιστέλλων,
1074 2577 1141 2643 οὐ·

60 2682 135 2757 6τά
162 2679 237 2767 περὶ
263 2681 348 2765 ἡμᾶς
374 2678 500 2746 είδέναι
527 2684 738 2766 βουλόμενος.
782 2682 867 2767 πρὸς
891 2682 932 2766 δή
956 2683 1116 2768 τοιαύτην
1240 2667 1241 2674 ¹

95 2787 207 2872 ψυχήν
230 2786 315 2852 οὐτω
339 2787 485 2872 σκληράν
508 2784 564 2851 καὶ
586 2786 752 2871 άτρωτον,
778 2782 805 2851 ὦ
830 2787 1017 2875 Οὐαλερία,
1040 2792 1117 2854 τίνα

55 2921 82 2962 οι
96 2895 193 2979 ίσχύν
220 2891 352 2971 ἕξουσιν
379 2892 417 2957 αί
435 2889 512 2979 παρ’
537 2892 633 2976 ἡμῶν
661 2893 805 2978 δεήσεις,
835 2885 887 2972 αἷς
910 2892 985 2961 οὐτ’
1013 2894 1118 2962 ἀσπα-

95 3009 188 3084 σμῶν
211 3001 394 3084 μετέδωκεν
418 2999 494 3064 οὐτε
518 2997 713 3083 φιλημάτων
738 2997 808 3066 οὐτ’
831 3001 935 3086 άλλης
952 3007 1119 3090 φιλοφρο-

167 3302 181 3350 1
200 3298 267 3367 ὑμῖν
286 3297 332 3352 Βο
403 3304 420 3352 4
439 3297 553 3368 ἀπῄτει]
572 3298 682 3365 ἀπῆηχε
701 3312 724 3350 ο.
740 3295 913 3366 Grasberger
931 3297 1010 3353 Τοεε.
1029 3298 1117 3354 Herb.

94 3385 122 3434 p.
136 3373 172 3419 34
244 3367 328 3422 Ὶτὸν
348 3366 370 3420 Ο
390 3366 543 3436 ρτιιοτοτΒ
572 3371 576 3434 Ι
605 3365 655 3421 τὸν
676 3365 698 3420 Ο
717 3367 872 3434 praeterB
928 3375 960 3423 11
982 3368 1117 3444 σ<δς>Β

97 3441 130 3488 16
149 3435 163 3464 ‘
177 3435 266 3508 ἀλ<λο
285 3435 337 3509 δ’)
357 3437 380 3489 Β
399 3436 465 3491 ἀλλο
484 3434 512 3491 δ’
533 3437 559 3489 R
577 3437 686 3491 correxi
