<?xml version="1.0" encoding="UTF-8"?>
<!DOCTYPE html PUBLIC "-//W3C//DTD XHTML 1.0 Transitional//EN"
    "http://www.w3.org/TR/xhtml1/DTD/xhtml1-transitional.dtd">
<html xmlns="http://www.w3.org/1999/xhtml" xml:lang="en" lang="en">
 <head>
  <title>
</title>
<meta http-equiv="Content-Type" content="text/html;charset=utf-8" />
  <meta name='ocr-system' content='tesseract 3.04.00' />
  <meta name='ocr-capabilities' content='ocr_page ocr_carea ocr_par ocr_line ocrx_word'/>
</head>
<body>
  <div class='ocr_page' id='page_1' title='image "./antiquitatumrom02jacogoog_0264.png"; bbox 0 0 2508 3882; ppageno 0'>
   <div class='ocr_carea' id='block_1_1' title="bbox 469 213 1056 298">
    <p class='ocr_par' dir='ltr' id='par_1_1' title="bbox 469 213 1056 298">
     <span class='ocr_line' id='line_1_1' title="bbox 469 213 1056 298; baseline 0.003 -22"><span class='ocrx_word' id='word_1_1' title='bbox 469 220 635 268; x_wconf 74' lang='grc' dir='ltr'><strong><em>-Η-</em></strong></span> <span class='ocrx_word' id='word_1_2' title='bbox 966 213 1056 298; x_wconf 73' lang='grc' dir='ltr'><strong><em>Ιτοι</em></strong></span> 
     </span>
    </p>
   </div>
   <div class='ocr_carea' id='block_1_2' title="bbox 20 377 1201 3246">
    <p class='ocr_par' dir='ltr' id='par_1_2' title="bbox 20 377 1201 3246">
     <span class='ocr_line' id='line_1_2' title="bbox 58 377 1058 464; baseline 0.002 -23"><span class='ocrx_word' id='word_1_3' title='bbox 58 378 128 458; x_wconf 86' lang='grc' dir='ltr'><strong><em>πρὸς</em></strong></span> <span class='ocrx_word' id='word_1_4' title='bbox 157 379 236 455; x_wconf 82' lang='grc' dir='ltr'><strong><em>τοὺς</em></strong></span> <span class='ocrx_word' id='word_1_5' title='bbox 268 377 536 464; x_wconf 77' lang='grc' dir='ltr'><strong><em>εἰσφερομένους·</em></strong></span> <span class='ocrx_word' id='word_1_6' title='bbox 561 378 625 445; x_wconf 86' lang='grc' dir='ltr'><strong><em>ὑπὸ</em></strong></span> <span class='ocrx_word' id='word_1_7' title='bbox 659 387 719 444; x_wconf 88' lang='grc' dir='ltr'><strong><em>τοῦ</em></strong></span> <span class='ocrx_word' id='word_1_8' title='bbox 750 379 901 454; x_wconf 94' lang='grc' dir='ltr'><strong><em>Κασσίου</em></strong></span> <span class='ocrx_word' id='word_1_9' title='bbox 934 380 1058 460; x_wconf 89' lang='grc' dir='ltr'><strong><em>νόμους</em></strong></span> 
     </span>
     <span class='ocr_line' id='line_1_3' title="bbox 58 483 1057 571; baseline 0.004 -25"><span class='ocrx_word' id='word_1_10' title='bbox 58 483 258 562; x_wconf 71' lang='grc' dir='ltr'><strong><em>διδάσκοντες</em></strong></span> <span class='ocrx_word' id='word_1_11' title='bbox 276 487 336 552; x_wconf 92' lang='grc' dir='ltr'><strong><em>τδν</em></strong></span> <span class='ocrx_word' id='word_1_12' title='bbox 355 487 473 571; x_wconf 83' lang='grc' dir='ltr'><strong><em>δήμου,</em></strong></span> <span class='ocrx_word' id='word_1_13' title='bbox 491 486 536 562; x_wconf 83' lang='grc' dir='ltr'><strong><em>ὡς</em></strong></span> <span class='ocrx_word' id='word_1_14' title='bbox 554 484 615 550; x_wconf 84' lang='grc' dir='ltr'><strong><em>οὐκ</em></strong></span> <span class='ocrx_word' id='word_1_15' title='bbox 634 491 683 568; x_wconf 85' lang='grc' dir='ltr'><strong><em>είη</em></strong></span> <span class='ocrx_word' id='word_1_16' title='bbox 704 484 846 569; x_wconf 91' lang='grc' dir='ltr'><strong><em>δίκαιον,</em></strong></span> <span class='ocrx_word' id='word_1_17' title='bbox 865 484 885 550; x_wconf 79' lang='grc' dir='ltr'>ἃ</span> <span class='ocrx_word' id='word_1_18' title='bbox 904 485 960 550; x_wconf 90' lang='grc' dir='ltr'><strong><em>διδι</em></strong></span> <span class='ocrx_word' id='word_1_19' title='bbox 978 489 1057 550; x_wconf 88' lang='grc' dir='ltr'><strong><em>πολ-</em></strong></span> 
     </span>
     <span class='ocr_line' id='line_1_4' title="bbox 20 588 1058 678; baseline 0.002 -24"><span class='ocrx_word' id='word_1_20' title='bbox 20 596 114 656; x_wconf 79' lang='grc' dir='ltr'><strong><em>εειλῶν</em></strong></span> <span class='ocrx_word' id='word_1_21' title='bbox 135 589 295 675; x_wconf 79' lang='grc' dir='ltr'><strong><em>ἐκτήσατο</em></strong></span> <span class='ocrx_word' id='word_1_22' title='bbox 313 591 478 678; x_wconf 81' lang='grc' dir='ltr'><strong><em>πολέμων,</em></strong></span> <span class='ocrx_word' id='word_1_23' title='bbox 500 600 602 657; x_wconf 86' lang='grc' dir='ltr'><strong><em>ταῦτα</em></strong></span> <span class='ocrx_word' id='word_1_24' title='bbox 622 592 667 675; x_wconf 84' lang='grc' dir='ltr'><strong><em>μή</em></strong></span> <span class='ocrx_word' id='word_1_25' title='bbox 682 588 860 675; x_wconf 81' lang='grc' dir='ltr'><strong><em>Ῥωμαίους</em></strong></span> <span class='ocrx_word' id='word_1_26' title='bbox 878 593 1058 674; x_wconf 72' lang='grc' dir='ltr'><strong><em>νείμασθαι</em></strong></span> 
     </span>
     <span class='ocr_line' id='line_1_5' title="bbox 57 686 1056 792; baseline 0 -30"><span class='ocrx_word' id='word_1_27' title='bbox 57 700 176 781; x_wconf 77' lang='grc' dir='ltr'><strong><em>μόνους,</em></strong></span> <span class='ocrx_word' id='word_1_28' title='bbox 198 697 288 764; x_wconf 79' lang='grc' dir='ltr'><strong><em>ἀλλὰ</em></strong></span> <span class='ocrx_word' id='word_1_29' title='bbox 310 697 365 764; x_wconf 80' lang='grc' dir='ltr'><strong><em>καί</em></strong></span> <span class='ocrx_word' id='word_1_30' title='bbox 387 701 554 776; x_wconf 79' lang='grc' dir='ltr'><strong><em>Λατίνους</em></strong></span> <span class='ocrx_word' id='word_1_31' title='bbox 576 686 689 774; x_wconf 78' lang='grc' dir='ltr'><strong><em>αότοίς</em></strong></span> <span class='ocrx_word' id='word_1_32' title='bbox 712 701 895 792; x_wconf 75' lang='grc' dir='ltr'><strong><em>ἰσομοιρεῖν</em></strong></span> <span class='ocrx_word' id='word_1_33' title='bbox 916 700 994 774; x_wconf 86' lang='grc' dir='ltr'><strong><em>τοὺς</em></strong></span> <span class='ocrx_word' id='word_1_34' title='bbox 1011 699 1056 782; x_wconf 83' lang='grc' dir='ltr'><strong><em>μή</em></strong></span> 
     </span>
     <span class='ocr_line' id='line_1_6' title="bbox 58 801 1097 890; baseline 0.007 -23"><span class='ocrx_word' id='word_1_35' title='bbox 58 803 336 889; x_wconf 76' lang='grc' dir='ltr'><strong><em>παραγενομένους</em></strong></span> <span class='ocrx_word' id='word_1_36' title='bbox 357 816 426 883; x_wconf 75' lang='grc' dir='ltr'><strong><em>τοῖς</em></strong></span> <span class='ocrx_word' id='word_1_37' title='bbox 448 804 615 890; x_wconf 78' lang='grc' dir='ltr'><strong><em>πολέμοις,</em></strong></span> <span class='ocrx_word' id='word_1_38' title='bbox 637 802 692 870; x_wconf 84' lang='grc' dir='ltr'><strong><em>καὶ</em></strong></span> <span class='ocrx_word' id='word_1_39' title='bbox 713 807 792 881; x_wconf 88' lang='grc' dir='ltr'><strong><em>τοὺς</em></strong></span> <span class='ocrx_word' id='word_1_40' title='bbox 814 801 933 869; x_wconf 77' lang='grc' dir='ltr'><strong><em>νεωστὶ</em></strong></span> <span class='ocrx_word' id='word_1_41' title='bbox 956 821 1057 888; x_wconf 89' lang='grc' dir='ltr'><strong><em>προσ·</em></strong></span> <span class='ocrx_word' id='word_1_42' title='bbox 1084 833 1097 874; x_wconf 81' lang='grc' dir='ltr'><strong><em>ε</em></strong></span> 
     </span>
     <span class='ocr_line' id='line_1_7' title="bbox 62 902 1057 998; baseline 0 -23"><span class='ocrx_word' id='word_1_43' title='bbox 62 913 202 986; x_wconf 82' lang='grc' dir='ltr'><strong><em>ελδόντας</em></strong></span> <span class='ocrx_word' id='word_1_44' title='bbox 224 914 311 995; x_wconf 89' lang='grc' dir='ltr'><strong><em>πρὸς</em></strong></span> <span class='ocrx_word' id='word_1_45' title='bbox 333 913 394 996; x_wconf 84' lang='grc' dir='ltr'><strong><em>τήν</em></strong></span> <span class='ocrx_word' id='word_1_46' title='bbox 415 915 533 997; x_wconf 78' lang='grc' dir='ltr'><strong><em>φιλίαν</em></strong></span> <span class='ocrx_word' id='word_1_47' title='bbox 551 909 723 998; x_wconf 86' lang='grc' dir='ltr'><strong><em>Ἕρνικας,</em></strong></span> <span class='ocrx_word' id='word_1_48' title='bbox 750 902 800 988; x_wconf 80' lang='grc' dir='ltr'><strong><em>οἷς</em></strong></span> <span class='ocrx_word' id='word_1_49' title='bbox 822 908 992 994; x_wconf 81' lang='grc' dir='ltr'><strong><em>ἀγαπητὸν</em></strong></span> <span class='ocrx_word' id='word_1_50' title='bbox 1014 905 1057 994; x_wconf 77' lang='grc' dir='ltr'><strong><em>ἦν</em></strong></span> 
     </span>
     <span class='ocr_line' id='line_1_8' title="bbox 64 1009 1108 1106; baseline 0.003 -28"><span class='ocrx_word' id='word_1_51' title='bbox 64 1018 171 1106; x_wconf 78' lang='grc' dir='ltr'><strong><em>πολέμῳ</em></strong></span> <span class='ocrx_word' id='word_1_52' title='bbox 199 1025 425 1106; x_wconf 76' lang='grc' dir='ltr'><strong><em>προσαχθεῖσι</em></strong></span> <span class='ocrx_word' id='word_1_53' title='bbox 451 1021 489 1086; x_wconf 94' lang='grc' dir='ltr'><strong><em>τὸ</em></strong></span> <span class='ocrx_word' id='word_1_54' title='bbox 517 1009 561 1104; x_wconf 80' lang='grc' dir='ltr'><strong><em>μή</em></strong></span> <span class='ocrx_word' id='word_1_55' title='bbox 588 1020 650 1103; x_wconf 83' lang='grc' dir='ltr'><strong><em>τήν</em></strong></span> <span class='ocrx_word' id='word_1_56' title='bbox 678 1015 804 1084; x_wconf 80' lang='grc' dir='ltr'><strong><em>ἑαυτῶν</em></strong></span> <span class='ocrx_word' id='word_1_57' title='bbox 832 1015 1057 1103; x_wconf 73' lang='grc' dir='ltr'><strong><em>ἀφαιρεθῆναι</em></strong></span> <span class='ocrx_word' id='word_1_58' title='bbox 1092 1020 1108 1034; x_wconf 86' lang='grc'><strong><em>’”</em></strong></span> 
     </span>
     <span class='ocr_line' id='line_1_9' title="bbox 62 1121 1092 1211; baseline 0.001 -24"><span class='ocrx_word' id='word_1_59' title='bbox 62 1123 160 1209; x_wconf 78' lang='grc' dir='ltr'><strong><em>χώραν.</em></strong></span> <span class='ocrx_word' id='word_1_60' title='bbox 208 1125 227 1192; x_wconf 86' lang='grc' dir='ltr'><strong><em>δ</em></strong></span> <span class='ocrx_word' id='word_1_61' title='bbox 258 1123 297 1191; x_wconf 70' lang='grc' dir='ltr'><strong><em>δὲ</em></strong></span> <span class='ocrx_word' id='word_1_62' title='bbox 325 1127 428 1211; x_wconf 85' lang='grc' dir='ltr'><strong><em>δήμος</em></strong></span> <span class='ocrx_word' id='word_1_63' title='bbox 455 1125 588 1193; x_wconf 86' lang='grc' dir='ltr'><strong><em>άκοόων</em></strong></span> <span class='ocrx_word' id='word_1_64' title='bbox 614 1121 688 1191; x_wconf 73' lang='grc' dir='ltr'><strong><em>τοτὲ</em></strong></span> <span class='ocrx_word' id='word_1_65' title='bbox 711 1121 772 1209; x_wconf 73' lang='grc' dir='ltr'><strong><em>μὲν</em></strong></span> <span class='ocrx_word' id='word_1_66' title='bbox 795 1135 864 1201; x_wconf 78' lang='grc' dir='ltr'><strong><em>τοῖς</em></strong></span> <span class='ocrx_word' id='word_1_67' title='bbox 885 1134 952 1188; x_wconf 80' lang='grc' dir='ltr'><strong><em>τῶν</em></strong></span> <span class='ocrx_word' id='word_1_68' title='bbox 975 1124 1092 1207; x_wconf 83' lang='grc' dir='ltr'><strong><em>δημ6</em></strong></span> 
     </span>
     <span class='ocr_line' id='line_1_10' title="bbox 61 1225 1058 1316; baseline 0.005 -25"><span class='ocrx_word' id='word_1_69' title='bbox 61 1229 151 1315; x_wconf 91' lang='grc' dir='ltr'><strong><em>άρχων</em></strong></span> <span class='ocrx_word' id='word_1_70' title='bbox 177 1237 399 1312; x_wconf 81' lang='grc' dir='ltr'><strong><em>προσετίθετο</em></strong></span> <span class='ocrx_word' id='word_1_71' title='bbox 426 1235 539 1316; x_wconf 81' lang='grc' dir='ltr'><strong><em>λόγοις</em></strong></span> <span class='ocrx_word' id='word_1_72' title='bbox 566 1225 832 1316; x_wconf 79' lang='grc' dir='ltr'><strong><em>ἐνθυμούμενος,</em></strong></span> <span class='ocrx_word' id='word_1_73' title='bbox 860 1231 910 1296; x_wconf 85' lang='grc' dir='ltr'><strong><em>ότι</em></strong></span> <span class='ocrx_word' id='word_1_74' title='bbox 938 1233 1058 1316; x_wconf 91' lang='grc' dir='ltr'><strong><em>μικρόν</em></strong></span> 
     </span>
     <span class='ocr_line' id='line_1_11' title="bbox 61 1336 1098 1422; baseline 0.005 -23"><span class='ocrx_word' id='word_1_75' title='bbox 61 1359 83 1399; x_wconf 91' lang='grc' dir='ltr'><strong><em>π</em></strong></span> <span class='ocrx_word' id='word_1_76' title='bbox 101 1336 149 1402; x_wconf 84' lang='grc' dir='ltr'><strong><em>καὶ</em></strong></span> <span class='ocrx_word' id='word_1_77' title='bbox 172 1339 237 1404; x_wconf 84' lang='grc' dir='ltr'><strong><em>οὐκ</em></strong></span> <span class='ocrx_word' id='word_1_78' title='bbox 265 1337 360 1418; x_wconf 79' lang='grc' dir='ltr'><strong><em>άξιον</em></strong></span> <span class='ocrx_word' id='word_1_79' title='bbox 381 1341 471 1405; x_wconf 82' lang='grc' dir='ltr'><strong><em>ἔσται</em></strong></span> <span class='ocrx_word' id='word_1_80' title='bbox 492 1342 595 1422; x_wconf 83' lang='grc' dir='ltr'><strong><em>λόγου</em></strong></span> <span class='ocrx_word' id='word_1_81' title='bbox 617 1340 653 1403; x_wconf 89' lang='grc' dir='ltr'><strong><em>τὸ</em></strong></span> <span class='ocrx_word' id='word_1_82' title='bbox 675 1338 712 1403; x_wconf 78' lang='grc' dir='ltr'><strong><em>ἐκ</em></strong></span> <span class='ocrx_word' id='word_1_83' title='bbox 734 1347 792 1422; x_wconf 82' lang='grc' dir='ltr'><strong><em>της</em></strong></span> <span class='ocrx_word' id='word_1_84' title='bbox 816 1339 975 1422; x_wconf 77' lang='grc' dir='ltr'><strong><em>δημοσίας</em></strong></span> <span class='ocrx_word' id='word_1_85' title='bbox 997 1346 1058 1420; x_wconf 83' lang='grc' dir='ltr'><strong><em>χής</em></strong></span> <span class='ocrx_word' id='word_1_86' title='bbox 1072 1364 1098 1404; x_wconf 83' lang='grc' dir='ltr'><strong><em>ιο</em></strong></span> 
     </span>
     <span class='ocr_line' id='line_1_12' title="bbox 61 1441 1057 1534; baseline 0.001 -29"><span class='ocrx_word' id='word_1_87' title='bbox 61 1441 201 1527; x_wconf 87' lang='grc' dir='ltr'><strong><em>ἐσόμενον</em></strong></span> <span class='ocrx_word' id='word_1_88' title='bbox 222 1443 351 1534; x_wconf 77' lang='grc' dir='ltr'><strong><em>ἑκάστω</em></strong></span> <span class='ocrx_word' id='word_1_89' title='bbox 371 1445 480 1532; x_wconf 89' lang='grc' dir='ltr'><strong><em>λάχος,</em></strong></span> <span class='ocrx_word' id='word_1_90' title='bbox 503 1446 534 1510; x_wconf 88' lang='grc' dir='ltr'><strong><em>εἰ</em></strong></span> <span class='ocrx_word' id='word_1_91' title='bbox 552 1442 630 1529; x_wconf 89' lang='grc' dir='ltr'><strong><em>μεθ’</em></strong></span> <span class='ocrx_word' id='word_1_92' title='bbox 651 1441 812 1529; x_wconf 84' lang='grc' dir='ltr'><strong><em>Ἑρνίκων</em></strong></span> <span class='ocrx_word' id='word_1_93' title='bbox 831 1467 866 1508; x_wconf 93' lang='grc' dir='ltr'><strong><em>τε</em></strong></span> <span class='ocrx_word' id='word_1_94' title='bbox 884 1441 939 1508; x_wconf 83' lang='grc' dir='ltr'><strong><em>καὶ</em></strong></span> <span class='ocrx_word' id='word_1_95' title='bbox 958 1445 1057 1507; x_wconf 89' lang='grc' dir='ltr'><strong><em>Λατί-</em></strong></span> 
     </span>
     <span class='ocr_line' id='line_1_13' title="bbox 61 1548 1057 1636; baseline 0 -24"><span class='ocrx_word' id='word_1_96' title='bbox 61 1572 116 1614; x_wconf 87' lang='grc' dir='ltr'><strong><em>νων</em></strong></span> <span class='ocrx_word' id='word_1_97' title='bbox 136 1551 477 1636; x_wconf 75' lang='grc' dir='ltr'><strong><em>αὐτην-νεμήσονται,</em></strong></span> <span class='ocrx_word' id='word_1_98' title='bbox 499 1548 577 1636; x_wconf 70' lang='grc' dir='ltr'><strong><em>ιτοτὲ</em></strong></span> <span class='ocrx_word' id='word_1_99' title='bbox 600 1549 630 1616; x_wconf 87' lang='grc' dir='ltr'><strong><em>δ’</em></strong></span> <span class='ocrx_word' id='word_1_100' title='bbox 658 1551 722 1616; x_wconf 87' lang='grc' dir='ltr'><strong><em>ὑπὸ</em></strong></span> <span class='ocrx_word' id='word_1_101' title='bbox 745 1559 805 1616; x_wconf 86' lang='grc' dir='ltr'><strong><em>τοῦ</em></strong></span> <span class='ocrx_word' id='word_1_102' title='bbox 828 1552 979 1614; x_wconf 85' lang='grc' dir='ltr'><strong><em>Κασσίου</em></strong></span> <span class='ocrx_word' id='word_1_103' title='bbox 1001 1569 1057 1631; x_wconf 88' lang='grc' dir='ltr'><strong><em>με-</em></strong></span> 
     </span>
     <span class='ocr_line' id='line_1_14' title="bbox 61 1655 1058 1743; baseline 0.003 -26"><span class='ocrx_word' id='word_1_104' title='bbox 61 1661 522 1743; x_wconf 81' lang='grc' dir='ltr'><strong><em>πεπείθετοδημαχωχοῦντος,</em></strong></span> <span class='ocrx_word' id='word_1_105' title='bbox 541 1657 586 1735; x_wconf 79' lang='grc' dir='ltr'><strong><em>ὡς</em></strong></span> <span class='ocrx_word' id='word_1_106' title='bbox 603 1659 833 1740; x_wconf 87' lang='grc' dir='ltr'><strong><em>προδιδόντων</em></strong></span> <span class='ocrx_word' id='word_1_107' title='bbox 853 1655 974 1732; x_wconf 85' lang='grc' dir='ltr'><strong><em>αὐτοὺς</em></strong></span> <span class='ocrx_word' id='word_1_108' title='bbox 989 1665 1058 1732; x_wconf 78' lang='grc' dir='ltr'><strong><em>τοῖς</em></strong></span> 
     </span>
     <span class='ocr_line' id='line_1_15' title="bbox 62 1753 1057 1851; baseline 0.004 -27"><span class='ocrx_word' id='word_1_109' title='bbox 62 1769 227 1849; x_wconf 86' lang='grc' dir='ltr'><strong><em>πατρικίοις</em></strong></span> <span class='ocrx_word' id='word_1_110' title='bbox 262 1776 330 1832; x_wconf 81' lang='grc' dir='ltr'><strong><em>τῶν</em></strong></span> <span class='ocrx_word' id='word_1_111' title='bbox 361 1765 540 1851; x_wconf 86' lang='grc' dir='ltr'><strong><em>δημάρχων</em></strong></span> <span class='ocrx_word' id='word_1_112' title='bbox 567 1753 624 1829; x_wconf 76' lang='grc' dir='ltr'><strong><em>καί</em></strong></span> <span class='ocrx_word' id='word_1_113' title='bbox 652 1765 819 1849; x_wconf 90' lang='grc' dir='ltr'><strong><em>πρόφασιν</em></strong></span> <span class='ocrx_word' id='word_1_114' title='bbox 847 1760 1057 1847; x_wconf 77' lang='grc' dir='ltr'><strong><em>ποιουμένων</em></strong></span> 
     </span>
     <span class='ocr_line' id='line_1_16' title="bbox 62 1867 1106 1956; baseline -0.007 -20"><span class='ocrx_word' id='word_1_115' title='bbox 62 1877 109 1951; x_wconf 77' lang='grc' dir='ltr'><strong><em>τῆς</em></strong></span> <span class='ocrx_word' id='word_1_116' title='bbox 126 1873 299 1949; x_wconf 84' lang='grc' dir='ltr'><strong><em>κωλύσεως</em></strong></span> <span class='ocrx_word' id='word_1_117' title='bbox 321 1871 466 1956; x_wconf 77' lang='grc' dir='ltr'><strong><em>εὐπρεπῆ</em></strong></span> <span class='ocrx_word' id='word_1_118' title='bbox 489 1871 550 1954; x_wconf 83' lang='grc' dir='ltr'><strong><em>τήν</em></strong></span> <span class='ocrx_word' id='word_1_119' title='bbox 572 1868 733 1955; x_wconf 82' lang='grc' dir='ltr'><strong><em>Ἑρνίκων</em></strong></span> <span class='ocrx_word' id='word_1_120' title='bbox 761 1893 795 1935; x_wconf 84' lang='grc' dir='ltr'><strong><em>τε</em></strong></span> <span class='ocrx_word' id='word_1_121' title='bbox 825 1867 880 1934; x_wconf 84' lang='grc' dir='ltr'><strong><em>καὶ</em></strong></span> <span class='ocrx_word' id='word_1_122' title='bbox 903 1871 1058 1934; x_wconf 89' lang='grc' dir='ltr'><strong><em>Λατίνων</em></strong></span> <span class='ocrx_word' id='word_1_123' title='bbox 1073 1897 1106 1938; x_wconf 71' lang='grc' dir='ltr'><strong><em>ιι,</em></strong></span> 
     </span>
     <span class='ocr_line' id='line_1_17' title="bbox 23 1957 1059 2064; baseline 0.009 -33"><span class='ocrx_word' id='word_1_124' title='bbox 23 1975 248 2064; x_wconf 73' lang='grc' dir='ltr'><strong><em>ιευίσομοιρίαν,</em></strong></span> <span class='ocrx_word' id='word_1_125' title='bbox 271 1977 314 2061; x_wconf 81' lang='grc' dir='ltr'><strong><em>ἣν</em></strong></span> <span class='ocrx_word' id='word_1_126' title='bbox 338 1977 436 2053; x_wconf 87' lang='grc' dir='ltr'><strong><em>αὐτὸς</em></strong></span> <span class='ocrx_word' id='word_1_127' title='bbox 459 1979 520 2062; x_wconf 85' lang='grc' dir='ltr'><strong><em>ἔφη</em></strong></span> <span class='ocrx_word' id='word_1_128' title='bbox 542 1980 635 2064; x_wconf 79' lang='grc' dir='ltr'><strong><em>νόμω</em></strong></span> <span class='ocrx_word' id='word_1_129' title='bbox 653 1957 843 2062; x_wconf 78' lang='grc' dir='ltr'><strong><em>περιλαβεῖν</em></strong></span> <span class='ocrx_word' id='word_1_130' title='bbox 862 1977 975 2061; x_wconf 85' lang='grc' dir='ltr'><strong><em>ἰσχύος</em></strong></span> <span class='ocrx_word' id='word_1_131' title='bbox 992 1985 1059 2040; x_wconf 83' lang='grc' dir='ltr'><strong><em>τῶν</em></strong></span> 
     </span>
     <span class='ocr_line' id='line_1_18' title="bbox 65 2080 1059 2168; baseline 0.003 -26"><span class='ocrx_word' id='word_1_132' title='bbox 65 2084 193 2166; x_wconf 90' lang='grc' dir='ltr'><strong><em>πενήτων</em></strong></span> <span class='ocrx_word' id='word_1_133' title='bbox 226 2084 325 2150; x_wconf 77' lang='grc' dir='ltr'><strong><em>ἕνεκα</em></strong></span> <span class='ocrx_word' id='word_1_134' title='bbox 356 2081 411 2148; x_wconf 81' lang='grc' dir='ltr'><strong><em>καὶ</em></strong></span> <span class='ocrx_word' id='word_1_135' title='bbox 443 2090 477 2149; x_wconf 88' lang='grc' dir='ltr'><strong><em>εί</em></strong></span> <span class='ocrx_word' id='word_1_136' title='bbox 504 2106 553 2161; x_wconf 92' lang='grc' dir='ltr'><strong><em>τις</em></strong></span> <span class='ocrx_word' id='word_1_137' title='bbox 585 2082 804 2168; x_wconf 82' lang='grc' dir='ltr'><strong><em>ἀφαιρεῖσθαί</em></strong></span> <span class='ocrx_word' id='word_1_138' title='bbox 832 2104 910 2148; x_wconf 89' lang='grc' dir='ltr'><strong><em>ποτε</em></strong></span> <span class='ocrx_word' id='word_1_139' title='bbox 938 2080 1059 2156; x_wconf 87' lang='grc' dir='ltr'><strong><em>αὐτοὺς</em></strong></span> 
     </span>
     <span class='ocr_line' id='line_1_19' title="bbox 67 2181 1059 2275; baseline 0.001 -27"><span class='ocrx_word' id='word_1_140' title='bbox 67 2183 181 2263; x_wconf 81' lang='grc' dir='ltr'><strong><em>ἀξιώσαι</em></strong></span> <span class='ocrx_word' id='word_1_141' title='bbox 199 2192 242 2257; x_wconf 88' lang='grc' dir='ltr'><strong><em>τδι</em></strong></span> <span class='ocrx_word' id='word_1_142' title='bbox 263 2189 408 2256; x_wconf 80' lang='grc' dir='ltr'><strong><em>δοθέντα</em></strong></span> <span class='ocrx_word' id='word_1_143' title='bbox 426 2195 584 2274; x_wconf 86' lang='grc' dir='ltr'><strong><em>κωλῦσαι,</em></strong></span> <span class='ocrx_word' id='word_1_144' title='bbox 601 2201 751 2275; x_wconf 81' lang='grc' dir='ltr'><strong><em>κρεῖττον</em></strong></span> <span class='ocrx_word' id='word_1_145' title='bbox 768 2188 951 2272; x_wconf 79' lang='grc' dir='ltr'><strong><em>ἡγούμενος</em></strong></span> <span class='ocrx_word' id='word_1_146' title='bbox 972 2181 1059 2252; x_wconf 82' lang='grc' dir='ltr'><strong><em>εἶναι</em></strong></span> 
     </span>
     <span class='ocr_line' id='line_1_20' title="bbox 68 2291 1059 2383; baseline -0.002 -25"><span class='ocrx_word' id='word_1_147' title='bbox 68 2292 107 2359; x_wconf 78' lang='grc' dir='ltr'><strong><em>καὶ</em></strong></span> <span class='ocrx_word' id='word_1_148' title='bbox 126 2295 371 2383; x_wconf 77' lang='grc' dir='ltr'><strong><em>ἀσφαλέστερον</em></strong></span> <span class='ocrx_word' id='word_1_149' title='bbox 390 2307 458 2372; x_wconf 80' lang='grc' dir='ltr'><strong><em>τοῖς</em></strong></span> <span class='ocrx_word' id='word_1_150' title='bbox 480 2301 615 2373; x_wconf 77' lang='grc' dir='ltr'><strong><em>πολλοῖς</em></strong></span> <span class='ocrx_word' id='word_1_151' title='bbox 637 2296 737 2380; x_wconf 88' lang='grc' dir='ltr'><strong><em>μικρά</em></strong></span> <span class='ocrx_word' id='word_1_152' title='bbox 758 2297 919 2377; x_wconf 81' lang='grc' dir='ltr'><strong><em>λαβοῦσιν</em></strong></span> <span class='ocrx_word' id='word_1_153' title='bbox 937 2291 1059 2375; x_wconf 88' lang='grc' dir='ltr'><strong><em>δμοίως</em></strong></span> 
     </span>
     <span class='ocr_line' id='line_1_21' title="bbox 68 2400 1201 2488; baseline 0.001 -23"><span class='ocrx_word' id='word_1_154' title='bbox 68 2400 136 2484; x_wconf 75' lang='grc' dir='ltr'><strong><em>ἔχειν</em></strong></span> <span class='ocrx_word' id='word_1_155' title='bbox 157 2405 177 2488; x_wconf 83' lang='grc' dir='ltr'><strong><em>ή</em></strong></span> <span class='ocrx_word' id='word_1_156' title='bbox 200 2405 310 2470; x_wconf 87' lang='grc' dir='ltr'><strong><em>πολλά</em></strong></span> <span class='ocrx_word' id='word_1_157' title='bbox 333 2402 514 2469; x_wconf 85' lang='grc' dir='ltr'><strong><em>ἐλπίσασιν</em></strong></span> <span class='ocrx_word' id='word_1_158' title='bbox 529 2401 683 2468; x_wconf 87' lang='grc' dir='ltr'><strong><em>ἁπάντων</em></strong></span> <span class='ocrx_word' id='word_1_159' title='bbox 707 2400 910 2486; x_wconf 81' lang='grc' dir='ltr'><strong><em>ἀποτυχείν.Ι</em></strong></span> <span class='ocrx_word' id='word_1_160' title='bbox 1073 2425 1130 2466; x_wconf 75' lang='grc' dir='ltr'><strong><em>ω’</em></strong></span> <span class='ocrx_word' id='word_1_161' title='bbox 1199 2452 1201 2456; x_wconf 81' lang='lat'><em>.</em></span> 
     </span>
     <span class='ocr_line' id='line_1_22' title="bbox 116 2507 1059 2593; baseline -0.005 -20"><span class='ocrx_word' id='word_1_162' title='bbox 116 2509 248 2576; x_wconf 86' lang='lat' dir='ltr'>LXXII.</span> <span class='ocrx_word' id='word_1_163' title='bbox 294 2510 431 2586; x_wconf 85' lang='grc' dir='ltr'><strong><em>Τούτοις</em></strong></span> <span class='ocrx_word' id='word_1_164' title='bbox 453 2510 495 2593; x_wconf 82' lang='grc' dir='ltr'><strong><em>δή</em></strong></span> <span class='ocrx_word' id='word_1_165' title='bbox 518 2521 588 2586; x_wconf 81' lang='grc' dir='ltr'><strong><em>τοίς</em></strong></span> <span class='ocrx_word' id='word_1_166' title='bbox 610 2511 722 2591; x_wconf 81' lang='grc' dir='ltr'><strong><em>λόχοις</em></strong></span> <span class='ocrx_word' id='word_1_167' title='bbox 743 2514 804 2573; x_wconf 88' lang='grc' dir='ltr'><strong><em>τοῦ</em></strong></span> <span class='ocrx_word' id='word_1_168' title='bbox 823 2507 973 2570; x_wconf 87' lang='grc' dir='ltr'><strong><em>Κασσίου</em></strong></span> <span class='ocrx_word' id='word_1_169' title='bbox 996 2510 1059 2569; x_wconf 84' lang='grc' dir='ltr'><strong><em>θα-</em></strong></span> 
     </span>
     <span class='ocr_line' id='line_1_23' title="bbox 68 2602 1059 2701; baseline -0.001 -25"><span class='ocrx_word' id='word_1_170' title='bbox 68 2603 134 2692; x_wconf 85' lang='grc' dir='ltr'><strong><em>μινά</em></strong></span> <span class='ocrx_word' id='word_1_171' title='bbox 150 2618 408 2701; x_wconf 86' lang='grc' dir='ltr'><strong><em>μεταπείθοντος</em></strong></span> <span class='ocrx_word' id='word_1_172' title='bbox 426 2613 462 2680; x_wconf 85' lang='grc' dir='ltr'><strong><em>ἐν</em></strong></span> <span class='ocrx_word' id='word_1_173' title='bbox 480 2626 552 2692; x_wconf 80' lang='grc' dir='ltr'><strong><em>ταῖς</em></strong></span> <span class='ocrx_word' id='word_1_174' title='bbox 572 2602 757 2698; x_wconf 81' lang='grc' dir='ltr'><strong><em>ἐκκλησίαις</em></strong></span> <span class='ocrx_word' id='word_1_175' title='bbox 778 2614 836 2678; x_wconf 91' lang='grc' dir='ltr'><strong><em>τὸν</em></strong></span> <span class='ocrx_word' id='word_1_176' title='bbox 856 2614 955 2698; x_wconf 85' lang='grc' dir='ltr'><strong><em>ὄχλον</em></strong></span> <span class='ocrx_word' id='word_1_177' title='bbox 977 2631 1059 2695; x_wconf 87' lang='grc' dir='ltr'><strong><em>παρ-</em></strong></span> 
     </span>
     <span class='ocr_line' id='line_1_24' title="bbox 69 2715 1060 2806; baseline 0.004 -27"><span class='ocrx_word' id='word_1_178' title='bbox 69 2721 160 2787; x_wconf 83' lang='grc' dir='ltr'><strong><em>ελθὼν</em></strong></span> <span class='ocrx_word' id='word_1_179' title='bbox 182 2715 230 2800; x_wconf 79' lang='grc' dir='ltr'><strong><em>εἰς</em></strong></span> <span class='ocrx_word' id='word_1_180' title='bbox 253 2731 327 2790; x_wconf 79' lang='grc' dir='ltr'><strong><em>τῶν,</em></strong></span> <span class='ocrx_word' id='word_1_181' title='bbox 344 2715 531 2806; x_wconf 84' lang='grc' dir='ltr'><strong><em>δημάρχων,</em></strong></span> <span class='ocrx_word' id='word_1_182' title='bbox 555 2721 655 2798; x_wconf 81' lang='grc' dir='ltr'><strong><em>Γάιος</em></strong></span> <span class='ocrx_word' id='word_1_183' title='bbox 671 2718 872 2805; x_wconf 81' lang='grc' dir='ltr'><strong><em>Ῥαβολήιος,</em></strong></span> <span class='ocrx_word' id='word_1_184' title='bbox 894 2717 979 2804; x_wconf 82' lang='grc' dir='ltr'><strong><em>ἀνήρ</em></strong></span> <span class='ocrx_word' id='word_1_185' title='bbox 999 2718 1060 2785; x_wconf 86' lang='grc' dir='ltr'><strong><em>οὐκ</em></strong></span> 
     </span>
     <span class='ocr_line' id='line_1_25' title="bbox 69 2821 1061 2918; baseline -0.003 -25"><span class='ocrx_word' id='word_1_186' title='bbox 69 2821 177 2918; x_wconf 73' lang='grc' dir='ltr'><strong><em>ἄφρων,</em></strong></span> <span class='ocrx_word' id='word_1_187' title='bbox 200 2829 262 2911; x_wconf 94' lang='grc' dir='ltr'><strong><em>τήν</em></strong></span> <span class='ocrx_word' id='word_1_188' title='bbox 280 2848 315 2892; x_wconf 89' lang='grc' dir='ltr'><strong><em>τε</em></strong></span> <span class='ocrx_word' id='word_1_189' title='bbox 334 2829 546 2913; x_wconf 89' lang='grc' dir='ltr'><strong><em>διχοστασίαν</em></strong></span> <span class='ocrx_word' id='word_1_190' title='bbox 564 2838 632 2893; x_wconf 83' lang='grc' dir='ltr'><strong><em>τῶν</em></strong></span> <span class='ocrx_word' id='word_1_191' title='bbox 650 2826 785 2892; x_wconf 88' lang='grc' dir='ltr'><strong><em>ὑπάτων</em></strong></span> <span class='ocrx_word' id='word_1_192' title='bbox 803 2824 961 2911; x_wconf 81' lang='grc' dir='ltr'><strong><em>ὑπέσχετο</em></strong></span> <span class='ocrx_word' id='word_1_193' title='bbox 977 2826 1061 2890; x_wconf 85' lang='grc' dir='ltr'><strong><em>παύ-</em></strong></span> 
     </span>
     <span class='ocr_line' id='line_1_26' title="bbox 70 2931 1100 3022; baseline 0.009 -32"><span class='ocrx_word' id='word_1_194' title='bbox 70 2943 126 2996; x_wconf 90' lang='grc' dir='ltr'><strong><em>σειν</em></strong></span> <span class='ocrx_word' id='word_1_195' title='bbox 146 2933 207 3000; x_wconf 88' lang='grc' dir='ltr'><strong><em>οὐκ</em></strong></span> <span class='ocrx_word' id='word_1_196' title='bbox 230 2937 277 3012; x_wconf 90' lang='grc' dir='ltr'><strong><em>εἰς</em></strong></span> <span class='ocrx_word' id='word_1_197' title='bbox 300 2934 440 3019; x_wconf 90' lang='grc' dir='ltr'><strong><em>μακράν,</em></strong></span> <span class='ocrx_word' id='word_1_198' title='bbox 462 2931 517 2998; x_wconf 83' lang='grc' dir='ltr'><strong><em>καί</em></strong></span> <span class='ocrx_word' id='word_1_199' title='bbox 539 2941 583 3021; x_wconf 77' lang='grc' dir='ltr'><strong><em>τῷ</em></strong></span> <span class='ocrx_word' id='word_1_200' title='bbox 610 2934 702 3022; x_wconf 77' lang='grc' dir='ltr'><strong><em>δήμω</em></strong></span> <span class='ocrx_word' id='word_1_201' title='bbox 726 2935 876 3017; x_wconf 80' lang='grc' dir='ltr'><strong><em>ποιήσειν</em></strong></span> <span class='ocrx_word' id='word_1_202' title='bbox 900 2934 1060 3018; x_wconf 90' lang='grc' dir='ltr'><strong><em>φανερόν,</em></strong></span> <span class='ocrx_word' id='word_1_203' title='bbox 1074 2959 1100 3000; x_wconf 78' lang='grc' dir='ltr'><strong><em>τι</em></strong></span> 
     </span>
     <span class='ocr_line' id='line_1_27' title="bbox 70 3033 1061 3128; baseline 0.002 -27"><span class='ocrx_word' id='word_1_204' title='bbox 70 3033 127 3102; x_wconf 81' lang='grc' dir='ltr'><strong><em>ὅτι</em></strong></span> <span class='ocrx_word' id='word_1_205' title='bbox 147 3042 207 3128; x_wconf 85' lang='grc' dir='ltr'><strong><em>χρή</em></strong></span> <span class='ocrx_word' id='word_1_206' title='bbox 230 3053 349 3108; x_wconf 75' lang='grc' dir='ltr'><strong><em>ποιεῖν.</em></strong></span> <span class='ocrx_word' id='word_1_207' title='bbox 395 3039 610 3124; x_wconf 81' lang='grc' dir='ltr'><strong><em>ἐπισημασίας</em></strong></span> <span class='ocrx_word' id='word_1_208' title='bbox 633 3035 671 3104; x_wconf 71' lang='grc' dir='ltr'><strong><em>δὲ</em></strong></span> <span class='ocrx_word' id='word_1_209' title='bbox 693 3037 874 3122; x_wconf 79' lang='grc' dir='ltr'><strong><em>γενομένης</em></strong></span> <span class='ocrx_word' id='word_1_210' title='bbox 894 3039 981 3126; x_wconf 74' lang='grc' dir='ltr'><strong><em>αὐτῷ</em></strong></span> <span class='ocrx_word' id='word_1_211' title='bbox 1006 3061 1061 3123; x_wconf 89' lang='grc' dir='ltr'><strong><em>με-</em></strong></span> 
     </span>
     <span class='ocr_line' id='line_1_28' title="bbox 32 3139 1060 3246; baseline -0.001 -38"><span class='ocrx_word' id='word_1_212' title='bbox 32 3237 34 3246; x_wconf 73' lang='lat'>‚</span> <span class='ocrx_word' id='word_1_213' title='bbox 71 3142 154 3230; x_wconf 68' lang='grc' dir='ltr'><strong><em>μάλης</em></strong></span> <span class='ocrx_word' id='word_1_214' title='bbox 176 3146 233 3229; x_wconf 80' lang='grc' dir='ltr'><strong><em>Ικαὶ</em></strong></span> <span class='ocrx_word' id='word_1_215' title='bbox 261 3149 342 3232; x_wconf 86' lang='grc' dir='ltr'><strong><em>μετά</em></strong></span> <span class='ocrx_word' id='word_1_216' title='bbox 368 3156 466 3212; x_wconf 85' lang='grc' dir='ltr'><strong><em>τοῦτο</em></strong></span> <span class='ocrx_word' id='word_1_217' title='bbox 495 3155 632 3230; x_wconf 85' lang='grc' dir='ltr'><strong><em>σιωπής·</em></strong></span> <span class='ocrx_word' id='word_1_218' title='bbox 665 3143 748 3230; x_wconf 81' lang='grc' dir='ltr'><strong><em>Οὐχὶ</em></strong></span> <span class='ocrx_word' id='word_1_219' title='bbox 775 3139 880 3229; x_wconf 87' lang='grc' dir='ltr'><strong><em>ταῦτ’,</em></strong></span> <span class='ocrx_word' id='word_1_220' title='bbox 902 3139 1060 3228; x_wconf 56' lang='lat' dir='ltr'><strong><em>elam&amp;</em></strong></span> 
     </span>
    </p>
   </div>
   <div class='ocr_carea' id='block_1_3' title="bbox 72 3327 1062 3552">
    <p class='ocr_par' dir='ltr' id='par_1_3' title="bbox 72 3321 1062 3552">
     <span class='ocr_line' id='line_1_29' title="bbox 89 3327 1061 3426; baseline 0 -37"><span class='ocrx_word' id='word_1_221' title='bbox 89 3409 97 3422; x_wconf 27' lang='grc' dir='ltr'><em>Β</em></span> <span class='ocrx_word' id='word_1_222' title='bbox 129 3341 142 3389; x_wconf 86' lang='grc'>3</span> <span class='ocrx_word' id='word_1_223' title='bbox 159 3338 297 3411; x_wconf 81' lang='grc' dir='ltr'><strong><em>πολέμων]</em></strong></span> <span class='ocrx_word' id='word_1_224' title='bbox 317 3338 413 3394; x_wconf 86' lang='grc' dir='ltr'><strong><em>πόνων</em></strong></span> <span class='ocrx_word' id='word_1_225' title='bbox 432 3355 455 3393; x_wconf 93' lang='grc' dir='ltr'><strong><em>ο.</em></strong></span> <span class='ocrx_word' id='word_1_226' title='bbox 475 3327 564 3394; x_wconf 59' lang='lat' dir='ltr'>Cobet</span> <span class='ocrx_word' id='word_1_227' title='bbox 583 3337 648 3392; x_wconf 77' lang='lat' dir='ltr'>Obs,</span> <span class='ocrx_word' id='word_1_228' title='bbox 668 3355 699 3418; x_wconf 88' lang='lat' dir='ltr'><strong><em>p.</em></strong></span> <span class='ocrx_word' id='word_1_229' title='bbox 712 3342 767 3418; x_wconf 69' lang='grc' dir='ltr'><strong><em>169ι</em></strong></span> <span class='ocrx_word' id='word_1_230' title='bbox 849 3343 866 3390; x_wconf 84' lang='lat'>4</span> <span class='ocrx_word' id='word_1_231' title='bbox 884 3335 991 3426; x_wconf 71' lang='grc' dir='ltr'><strong><em>αὐτοῖς]</em></strong></span> <span class='ocrx_word' id='word_1_232' title='bbox 1010 3335 1061 3388; x_wconf 83' lang='grc' dir='ltr'><strong><em>αδ-</em></strong></span> 
     </span>
     <span class='ocr_line' id='line_1_30' title="bbox 72 3406 1062 3481; baseline 0.006 -26"><span class='ocrx_word' id='word_1_233' title='bbox 72 3419 115 3456; x_wconf 86' lang='grc' dir='ltr'><strong><em>τυν</em></strong></span> <span class='ocrx_word' id='word_1_234' title='bbox 131 3424 151 3463; x_wconf 88' lang='grc' dir='ltr'><strong><em>ο.</em></strong></span> <span class='ocrx_word' id='word_1_235' title='bbox 164 3411 262 3468; x_wconf 77' lang='lat' dir='ltr'>Portus</span> <span class='ocrx_word' id='word_1_236' title='bbox 336 3417 369 3466; x_wconf 87' lang='grc'><strong><em>16</em></strong></span> <span class='ocrx_word' id='word_1_237' title='bbox 389 3410 603 3481; x_wconf 83' lang='grc' dir='ltr'><strong><em>συμπεριλαβεῖν</em></strong></span> <span class='ocrx_word' id='word_1_238' title='bbox 623 3425 646 3462; x_wconf 89' lang='lat' dir='ltr'><strong><em>c.</em></strong></span> <span class='ocrx_word' id='word_1_239' title='bbox 666 3406 808 3477; x_wconf 63' lang='lat' dir='ltr'>Klesshng</span> <span class='ocrx_word' id='word_1_240' title='bbox 867 3412 901 3460; x_wconf 82' lang='lat'><strong><em>18</em></strong></span> <span class='ocrx_word' id='word_1_241' title='bbox 919 3410 1062 3469; x_wconf 87' lang='grc' dir='ltr'><strong><em>κωλυσεως</em></strong></span> 
     </span>
     <span class='ocr_line' id='line_1_31' title="bbox 73 3469 1020 3552; baseline 0.002 -21"><span class='ocrx_word' id='word_1_242' title='bbox 73 3469 110 3527; x_wconf 68' lang='lat' dir='ltr'><strong><em>Ba</em></strong></span> <span class='ocrx_word' id='word_1_243' title='bbox 124 3485 235 3537; x_wconf 83' lang='grc' dir='ltr'><strong><em>κωλῦσαι</em></strong></span> <span class='ocrx_word' id='word_1_244' title='bbox 254 3483 331 3538; x_wconf 84' lang='lat' dir='ltr'><strong><em>ABb</em></strong></span> <span class='ocrx_word' id='word_1_245' title='bbox 403 3487 436 3535; x_wconf 86' lang='grc'><strong><em>19</em></strong></span> <span class='ocrx_word' id='word_1_246' title='bbox 456 3480 568 3552; x_wconf 84' lang='grc' dir='ltr'><strong><em>ὁμοίως]</em></strong></span> <span class='ocrx_word' id='word_1_247' title='bbox 589 3478 661 3550; x_wconf 79' lang='grc' dir='ltr'><strong><em>ὅμως</em></strong></span> <span class='ocrx_word' id='word_1_248' title='bbox 678 3478 723 3532; x_wconf 87' lang='lat' dir='ltr'><strong><em>vel</em></strong></span> <span class='ocrx_word' id='word_1_249' title='bbox 743 3478 861 3552; x_wconf 84' lang='grc' dir='ltr'><strong><em>βεβαίως</em></strong></span> <span class='ocrx_word' id='word_1_250' title='bbox 879 3494 902 3531; x_wconf 88' lang='grc' dir='ltr'><strong><em>ο.</em></strong></span> <span class='ocrx_word' id='word_1_251' title='bbox 918 3477 1020 3534; x_wconf 77' lang='lat' dir='ltr'><strong>Reiske</strong></span> 
     </span>
    </p>
   </div>
   <div class='ocr_carea' id='block_1_4' title="bbox 0 0 1266 3882">
    <p class='ocr_par' dir='ltr' id='par_1_4' title="bbox 0 0 1266 3882">
     <span class='ocr_line' id='line_1_32' title="bbox 0 0 1266 3882; baseline 0 0"><span class='ocrx_word' id='word_1_252' title='bbox 0 0 1266 3882; x_wconf 95' lang='lat' dir='ltr'><strong><em> </em></strong></span> 
     </span>
    </p>
   </div>
  </div>
 </body>
</html>
