2508 3882
502 191 672 268 -ΘἾ
1028 203 1093 268 293

60 345 250 430 ἀρξάμενος
275 345 376 432 μέχρι
401 350 532 426 δύσεως
554 350 662 433 ἡλίου.
695 353 735 418 τά
753 351 791 420 δὲ
809 367 865 440 της
883 361 981 445 τύχης
999 361 1092 448 μέχρι

60 456 191 517 πολλοῦ
216 455 299 537 τῇδε
322 452 381 518 καὶ
403 457 485 539 τῇδε
509 459 621 534 νίκαις
642 481 677 523 τε
696 457 751 524 καί
769 462 881 544 ἥτταις
897 472 1092 534 ταλαντευό-

59 581 142 640 μενα
173 557 363 642 διέμεινεν·
394 561 527 627 ὑπάτου
556 559 594 627 δὲ
616 564 764 642 θάνατος
785 566 915 650 ἐγένετο
938 571 992 636 καὶ
1014 596 1091 657 πρε-

60 668 207 747 σβευτοῦ
227 662 283 741 δίς
300 665 556 744 ὑπατεύσαντος
574 666 630 734 καλ
647 671 759 736 ἀλλων
772 679 906 740 πολλῶν
918 677 1091 762 ἡγεμόνων

59 767 111 834 καί
139 769 335 856 ταξιάρχων
363 770 421 836 καὶ
449 778 620 858 λοχαγῶν,
649 775 738 841 ὅσων
764 778 895 845 οὐδέπω
917 786 1087 868 πρότερον.
1115 813 1128 851 ε

59 865 94 940 τὸ
124 875 246 960 μέντοι
277 878 401 962 κράτος
429 888 491 943 τοῦ
518 877 650 960 ἀγῶνος
677 879 785 947 έδόκει
811 884 886 969 περὶ
913 891 991 965 τοὺς
1012 888 1089 955 Ῥω·
1137 885 1148 910 “

58 986 180 1066 μαίους
193 982 376 1066 γεγονέναι
389 983 462 1049 κατ’
476 985 559 1049 άλλο
573 981 636 1069 μὲν
650 985 762 1072 οὐδέν,
781 988 831 1054 ὅτι
846 987 883 1055 δὲ
896 1001 935 1077 τῇ
950 992 1087 1083 ἐπιούσῃ

56 1086 154 1154 νυκτὶ
173 1093 419 1167 καταλιπόντες
437 1093 498 1155 τὸν
516 1091 645 1176 χάρακα
663 1093 699 1156 οί
720 1094 886 1181 Τυρρηνοί
905 1097 1086 1180 ἀνέζευξαν.

56 1203 94 1278 τῇ
119 1191 152 1258 δ’
178 1192 253 1276 ἑξῆς
276 1192 387 1281 ἡμέρῳ
409 1196 495 1278 πρὸς
517 1193 667 1281 άρπαγάς
688 1206 746 1280 τῆς
768 1197 996 1290 ἐκλειφθείσης
1018 1209 1118 1280 ὑπὸ3

56 1311 124 1366 τῶν
148 1305 341 1385 Τυρρηνῶν
363 1303 579 1386 παρεμβολῆς
597 1302 633 1366 οί
649 1306 794 1388 Ρωμαῖοι
811 1313 1011 1394 τραπόμενοι
1029 1312 1084 1380 καὶ
1100 1339 1125 1378 10

4 1409 167 1493 1773ταφάς
190 1407 415 1492 ποιησάμενοι
438 1417 506 1471 τῶν
531 1406 699 1493 σφετέρων
719 1422 848 1496 νεκρῶν
865 1413 1019 1498 ἀπῆλθον
1037 1423 1085 1496 είς

48 1501 115 1579 Ιτὸν
148 1511 281 1579 ἑαυτῶν
313 1512 451 1598 χάρακα.
499 1511 570 1578 ἐκεί
599 1511 628 1578 δ’
662 1514 837 1599 ἐκκλησίαν
866 1523 1083 1606 ποιησάμενοι

57 1631 125 1696 τοῖς
153 1616 425 1702 ἀγωνισαμένοις
449 1603 606 1703 λαμπρῶς
627 1620 686 1696 τάς
709 1619 893 1706 ἀριστείους
916 1626 1083 1696 ἀπέδοσαν

58 1726 168 1810 τιμάς,
202 1727 326 1812 πρώτῳ
359 1720 423 1808 μὲν
453 1727 605 1789 Καίσωνι
636 1730 753 1817 Φαβίῳ
785 1740 834 1817 τῳ.
862 1743 923 1798 τοῦ
954 1735 1081 1804 ὑπάτου

59 1832 193 1919 ἀδελφῷ
214 1831 345 1915 μεγάλα
364 1827 420 1895 καί
437 1832 617 1915 θαυμαστὰ
636 1833 717 1917 ἔργα
731 1833 987 1929 ἀποδειξαμένῳ,
1007 1844 1081 1909 δεο.
1096 1869 1121 1908 15

58 1935 139 2026 τέρῳ
175 1933 213 2001 δὲ
246 1946 292 2024 τῷ
326 1939 471 2024 Σικκίῳ,
503 1946 549 2023 τῷ
582 1939 834 2031 διαπραξαμένῳ
867 1948 925 2011 τὸν
954 1949 1081 2034 χάρακα

59 2042 314 2126 ἀνασώσασθαι,
332 2047 434 2131 τρίτῳ
455 2039 492 2108 δὲ
510 2043 641 2132 Μάρκῳ
662 2049 860 2138 Φλαβοληίῳ
879 2061 924 2138 τῳ
942 2053 1080 2138 ἡγεμόνι

60 2144 115 2215 τοῦ
142 2150 329 2233 τάγματος,
357 2159 418 2214 τοῦ
444 2146 483 2213 θ’
509 2149 613 2233 ὅρκου
640 2151 738 2237 χάριν
766 2152 821 2218 καὶ
848 2165 904 2240 τῆς
928 2161 1016 2244 παρά
1038 2163 1079 2225 τά

60 2256 149 2320 δεινά
181 2255 305 2339 ῥώμης.
354 2254 615 2340 διαπραξάμενοι
643 2253 680 2320 δὲ
707 2260 886 2325 ταῦτακαὶ
909 2267 1113 2346 μείναντες4

60 2358 181 2448 ἡμέρας
203 2361 322 2442 ὀλίγας
346 2358 399 2424 ἐπὶ
422 2368 483 2425 τοῦ
506 2361 664 2446 χάρακος,
691 2363 735 2440 ὡς
757 2364 868 2444 οὐδεὶς
890 2367 1077 2458 ἀντεπεξῄει
1092 2399 1118 2438 ιο

14 2451 18 2462 ’
60 2477 121 2532 τῶν
143 2468 320 2550 πολεμίων
343 2468 584 2550 μαχησόμενος,
607 2466 754 2554 ἀπῄεσαν
778 2469 826 2536 ἐπ’
850 2481 953 2540 οίκου.
996 2479 1077 2544 πάν-

61 2595 122 2637 των
151 2569 191 2638 δὲ
220 2584 289 2637 τῶν
315 2573 398 2636 κατά
426 2573 487 2654 τὴν
514 2575 629 2656 πόλιν,
657 2575 701 2651 ὡς
728 2575 782 2641 ἐπὶ
809 2584 948 2669 μεγίστῳ
972 2583 1077 2666 ἀγῶνι

61 2678 238 2744 κάλλιστον
271 2676 366 2754 τέλος
398 2678 564 2762 εἰληφότι,
601 2680 662 2763 τὴν
694 2680 855 2751 ἐπινίκιον
887 2689 985 2773 τιμὴν
1016 2703 1077 2758 τοῦ

60 2786 228 2870 θριάμβου
251 2791 298 2871 τῷ
321 2787 472 2869 περιόντι
495 2785 609 2874 ὑπάτῳ
631 2795 831 2873 προσθεῖναι
848 2796 1076 2885 βουλομένων,

61 2890 223 2974 ἠρνήσατο
247 2892 309 2973 τὴν
332 2891 431 2976 χάριν
453 2891 564 2956 αὑτῶν
583 2893 601 2958 ό
620 2893 755 2980 ὕπατος,
778 2899 854 2964 οὑτε
874 2902 969 2970 όσιον
988 2903 1074 2973 εἶναι
1089 2933 1115 2974 ιε
1147 2973 1149 2978 ,
1249 2953 1250 2962 τ

124 3089 139 3136 2
165 3085 249 3144 νίκας
268 3102 297 3136 τε
317 3081 366 3135 καὶ
384 3079 470 3151 ἥττας
489 3082 590 3139 ABac
663 3094 678 3142 5
702 3089 779 3144 οὑπω
799 3109 821 3145 ο.
840 3094 985 3168 Kiessling
1057 3110 1072 3158 9

62 3146 253 3222 εἰλειφθήσεις
271 3155 317 3206 Ba
391 3159 423 3207 13
450 3154 580 3223 ἀρίστους
598 3156 645 3211 Ba
718 3165 751 3215 16
773 3165 890 3220 Σικιλίω
909 3168 955 3222 Bb
981 3173 985 3238 Ι
1010 3175 1073 3228 δια-

62 3224 225 3297 φραταμένῳ
243 3223 351 3292 ACmg
370 3225 588 3308 διαπραξαμένῳ
608 3228 631 3281 Β
650 3222 884 3310 διαταξαμένῳδ
949 3248 982 3296 17
1002 3245 1073 3300 ἀνα-

62 3295 199 3350 τίσασθαι
219 3295 242 3351 Ο
267 3295 469 3350 ἀνασεσῶσθαι
491 3314 514 3352 ο.
534 3297 638 3354 Remke
664 3304 668 3370 Ι
693 3311 730 3357 τῶ
751 3308 913 3380 Φλαβοληίῳ
936 3312 960 3367 Β
1039 3325 1072 3372 19

61 3360 142 3507 mg
156 3367 187 3509 (χ
199 3365 304 3492 χόόλῖμης
322 3383 344 3421 ο.
360 3366 506 3438 Kiessling
527 3369 614 3440 ὁρμῆς
632 3389 655 3426 ο.
671 3372 843 3450 Grasberger
856 3383 1022 3458 Philologus
1037 3399 1072 3448 28
