2538 3884
190 207 255 271 368
612 206 843 274 -Θ-ι

179 358 308 451 ’σημεῖα
335 372 504 453 πολεμίοις
529 366 710 456 προέμενος
733 366 788 433 καί
811 377 901 454 φυγή
924 365 1005 454 πρὶν
1028 369 1075 445 είς
1097 377 1241 453 χεῖραςιει

191 471 304 540 ἐλθεῖν
337 473 551 564 ἐπονειδίστῳ
584 475 808 562 χρησάμενος,
845 475 954 560 ὥσπερ
988 472 1070 559 ἐμοῦ
1102 476 1197 558 μόνον

191 578 458 666 ἀφαιρησόμενος
479 581 540 664 τήν
563 579 599 646 ἐκ
621 589 679 664 τής
701 583 795 665 νίκης
818 579 932 665 δόξαν,
955 577 1026 644 ἀλλ’
1055 578 1131 666 οὐχὶ
1151 577 1197 644 καὶ

156 693 249 772 5τής
281 686 440 770 πατρίδος
466 687 503 751 τὸ
530 687 612 752 κατὰ
638 697 706 752 τῶν
733 685 866 773 ἐχθρῶν
893 686 1009 762 πάθος.
1060 682 1116 750 καὶ
1141 694 1197 749 νῦν

165 793 420 868 ιθύολούσκοις
446 793 528 857 κατὰ
547 789 716 876 Ῥωμαίων
739 793 866 858 ἵσταται
889 794 1047 878 τρόπαια,
1074 788 1129 856 καὶ
1150 815 1197 856 κο-

191 908 321 983 σμεῖται
343 909 413 975 τοῖς
435 896 607 983 ἡμετέροις
629 900 794 985 λαφύροις
815 899 976 964 τάκείνων
1001 897 1074 982 ίερά
1096 895 1197 962 καὶέν

192 1004 395 1090 αὐχήμασιν,
423 1004 551 1087 ἡλίκοις
581 1005 754 1070 οὐπώποτε
782 1005 820 1070 αί
842 1006 955 1081 πόλεις
982 1004 1093 1069 αὐτῶν
1118 1005 1197 1068 είσιν

191 1108 271 1186 τέως
293 1106 376 1195 ὑπὲρ
398 1109 671 1197 ἀνδραποδισμοῦ
690 1135 724 1176 τε
743 1108 798 1177 καὶ
815 1119 1028 1195 κατασκαφῆς
1045 1121 1110 1176 τῶν
1126 1110 1197 1193 ήμι-

157 1212 297 1302 6τέρων
327 1217 481 1300 δεόμεναι
510 1217 694 1302 ἡγεμόνων.
740 1211 804 1304 ἀρά
831 1241 869 1302 γε
897 1219 1030 1282 δίκαιον
1057 1216 1077 1300 ή
1102 1216 1197 1279 καλὸν

153 1344 179 1384 ιο
193 1319 246 1386 ἐπὶ
268 1323 432 1400 τοιούτοις
454 1325 691 1410 κατορθώμασι
714 1325 812 1410 χάριν
835 1325 948 1400 αὐτοῖς
969 1323 1056 1406 ὑμᾶς
1072 1321 1197 1403 εἰδέναι,

193 1426 248 1492 καὶ
272 1427 446 1511 δημοσίαις
469 1428 659 1513 ἐπικοσμεῖν
683 1431 823 1516 δωρεαῖς
840 1429 1125 1514 κληρουχήσαντας
1142 1428 1197 1510 τήν

192 1543 272 1618 γήυ,
297 1529 336 1617 ής
358 1534 511 1619 πολέμιοι
533 1545 692 1623 κρατοῦσι
715 1539 753 1602 τὸ
776 1537 858 1602 κατὰ
880 1536 1021 1611 τούτους
1044 1530 1127 1600 εἶναι
1148 1532 1235 1617 με’-189

194 1664 265 1725 ρος;
290 1639 374 1705 ἀλλὰ
396 1645 432 1705 τί
451 1643 506 1706 δεῖ
520 1643 652 1719 τούτοις
671 1642 833 1727 ἐγκαλεῖν,
856 1634 906 1718 οἷς
925 1638 969 1718 δι’
989 1641 1195 1706 ἀπαιδευσίαν

192 1767 227 1809 τε
245 1743 300 1810 καὶ
320 1744 518 1828 δυσγένειαν
536 1748 650 1832 ὀλίγος
668 1746 738 1815 ἐστί
755 1760 823 1814 τῶν
840 1754 951 1814 καλῶν
970 1750 1081 1832 λόγος,
1102 1747 1195 1830 ὁρῶν·

124 1932 127 1943 Ι
153 1875 179 1915 15
192 1873 264 1933 τας,
294 1851 339 1927 ὡς
369 1850 441 1917 οὐδ’
474 1852 510 1919 ἐν
539 1865 609 1931 τοῖς
638 1853 809 1941 ὑμετέροις
838 1856 938 1938 ήθεσι
964 1863 1068 1936 πᾶσιν
1094 1855 1137 1916 ἔτι
1161 1852 1193 1914 τὸ

193 1955 332 2042 ἀρχαῖον
355 1958 442 2022 οίκεῖ
461 1960 627 2045 φρόνημα,
651 1958 722 2025 ἀλλ’
746 1959 910 2025 αάθάδεια
928 1955 990 2043 μὲν
1008 1958 1029 2041 ἡ
1050 1959 1194 2044 σεμνότης

192 2068 339 2129 καλεῖται
361 2066 444 2149 πρὸς
466 2063 581 2150 ἐνίων,
604 2070 712 2154 μωρία
734 2064 763 2131 δ’
786 2065 807 2149 ή
831 2065 1046 2150 δικαιοσύνη,
1068 2064 1193 2150 μανικὸν

194 2164 231 2234 δὲ
253 2171 290 2235 τὸ
314 2168 483 2256 ἀνδρεῖον,
504 2169 560 2237 καὶ
582 2174 718 2256 ήλίθιου
742 2175 778 2240 τὸ
802 2185 953 2259 σῶφρον;
981 2172 1003 2238 ἃ
1025 2171 1066 2237 δέ
1088 2170 1193 2256 μισητά

192 2275 281 2360 παρά
304 2288 374 2353 τοῖς
395 2277 568 2365 προτέροις
590 2274 649 2363 ἦν,
675 2288 778 2345 ταῦτα
800 2281 988 2365 πυργοῦταί
1007 2302 1043 2343 τε
1066 2287 1128 2344 νῦν
1148 2272 1194 2340 καί

154 2405 180 2446 ιο
193 2382 365 2465 θαυμάσια
394 2382 505 2466 ἡλίκα·
521 2388 674 2468 φαίνεται
700 2397 770 2463 τοῖς
797 2383 1058 2471 διεφθαρμένοις
1085 2381 1193 2468 ἀγαθά,

193 2485 357 2573 ἀνανδρία
386 2487 441 2554 καὶ
470 2493 660 2610 βωμολοχία
686 2488 742 2555 καί
769 2493 950 2575 κακοήθεια
977 2488 1033 2556 καί
1060 2493 1098 2557 τὸ
1123 2509 1194 2554 παν-

194 2594 322 2680 ούργως
344 2597 452 2680 σοφὸν
474 2593 530 2659 καὶ
547 2596 589 2660 ’τὸ
612 2598 694 2678 πρὸς
717 2598 844 2663 ἅπαντα
869 2599 985 2681 ίταμὸν
1007 2595 1063 2661 καί
1086 2598 1122 2661 τὸ
1143 2603 1245 2680 μη-ιευ·

194 2696 267 2764 δενί
294 2711 361 2766 τῶν
388 2703 587 2786 κρειττόνων
614 2700 779 2780 εὐπειθές·
813 2703 834 2770 ἀ
856 2704 981 2780 πολλὰς
1007 2703 1071 2787 ήδη
1094 2703 1194 2774 πόλεις

265 2895 280 2942 2
304 2891 391 2944 verba
415 2891 480 2946 inde
504 2894 539 2948 ab
563 2892 655 2962 ὥσπερ
678 2879 767 2962 lisque
787 2894 824 2948 ad
842 2893 1071 2964 ἀφαιρησόμενος
1088 2909 1139 2947 om.
1158 2891 1194 2943 Ba

195 2959 258 3015 add.
278 2959 357 3013 Bbm
484 2970 502 3016 4
523 2963 659 3027 πάθοςΟ
682 2964 819 3036 τρόπαιον
838 2983 861 3020 ο.
881 2966 1064 3020 casaubonus
1082 2960 1157 3024 κλέος
1175 2977 1193 3014 ι.

193 3031 298 3086 Reiske
316 3051 418 3102 κρατος
432 3050 454 3087 c.
470 3033 613 3104 Kiessling
630 3051 695 3090 mea
713 3037 828 3104 quidem
846 3035 988 3090 sententia
1004 3035 1080 3089 nihil
1096 3035 1194 3088 mutan-

194 3103 323 3158 διωθεῖ
396 3102 578 3174 δύμετέροις
597 3105 649 3158 ΑΒ
674 3108 678 3176 Ι
702 3109 840 3162 τάκείνων
858 3106 884 3159 Α
901 3106 937 3160 τὰ
956 3101 1117 3162 ἐκείνωνΒ
1181 3108 1195 3155 8

193 3182 377 3244 κατασφαγής
395 3177 417 3228 Β
437 3181 442 3239 Ι
462 3176 602 3246 ὑμετέρων
620 3177 673 3230 ΑΒ
748 3185 782 3232 14
804 3179 819 3233 δ
837 3177 919 3247 λόγος
936 3179 961 3231 A
1035 3184 1069 3232 15
1091 3173 1195 3243 ἤθεσιν]

194 3245 327 3313 στήθεσιν
351 3263 372 3301 c.
393 3245 557 3302 dubitanter
574 3246 718 3317 Kiessling
795 3255 828 3304 16
853 3245 962 3304 ἐνοικεῖ
980 3265 1003 3303 c.
1022 3247 1100 3302 idem
1168 3247 1195 3297 19

193 3316 281 3371 ταῦτά
299 3337 329 3372 τε
347 3326 502 3389 πυργοῦταί
521 3327 573 3372 νῦν
591 3317 617 3372 Α
688 3326 722 3374 20
745 3320 829 3388 ἡλίκα
848 3320 913 3374 add.
932 3319 954 3372 B
1028 3325 1062 3374 21
1087 3318 1117 3373 τὸ
1134 3334 1196 3370 παν-

194 3387 300 3456 ούργως
318 3388 408 3456 σοφόν
427 3391 479 3442 AB
499 3388 589 3456 σοφόν
608 3388 663 3445 del.
681 3389 825 3460 Kiessling
880 3398 913 3446 22
933 3390 1028 3461 *πρὸς
1046 3389 1139 3444 πάντα
1157 3386 1195 3455 01

194 3457 356 3522 μηδενὸςΒ
428 3463 462 3512 23
482 3461 628 3513 εόπενθεῖυ
646 3461 672 3514 Α
