2538 3884
511 220 680 273 -Θ-
1036 221 1101 287 333

145 381 305 446 XXXIII.
347 383 529 458 Τοιούτους
555 381 658 447 είπὼν
686 384 807 464 λόγους
832 381 888 448 καὶ
916 384 992 449 οὔτε
1019 386 1102 469 πρὸς

81 491 299 574 ὀλοφυρμοὺς
317 486 373 553 καλ
393 487 612 564 ἀνακλαύσεις
629 496 687 571 τῆς
701 498 874 573 συμφορᾶς
885 492 1102 575 τραπόμενος,

81 593 149 662 οὔτ’
178 593 219 660 ἐν
250 596 386 678 δεήσεσι
413 591 469 660 καὶ
496 597 734 680 προκυλισμοῖς
760 593 923 681 ἀσχήμοσι
949 599 1103 686 ταπεινὸς

80 704 218 786 φανείς,
255 700 347 768 οὔτ’·
364 703 472 785 ἀλλην
505 699 627 784 ἀγεννῆ
660 699 815 766 διάθεσιν
846 700 1103 787 ἀποδειξάμενος

79 807 244 892 οὐδεμίαν
277 806 452 892 παρέδωκε
484 808 544 872 τὸν
576 808 678 888 λόγον
710 819 779 884 τοῖς
810 810 1049 893 συναγορεύειν
1080 809 1100 893 ή
1128 831 1141 873 ι

78 924 266 1001 μαρτυρεῖν
299 911 529 998 βουλομένοις.
582 909 701 977 πολλοὶ
732 909 794 996 μέν
825 907 888 979 οὖν
918 912 974 979 καλ
1006 916 1102 981 ἄλλοι

77 1023 260 1105 παριόντες
301 1017 451 1084 ἀπέλυον
492 1017 595 1082 αὐτὸν
631 1025 689 1101 τῆς
726 1019 846 1101 αἰτίας,
886 1020 1027 1103 μάλιστα
1064 1017 1102 1086 δέ

80 1126 285 1212 Οὐεργίνιος
312 1125 331 1191 ὁ
359 1124 442 1188 κατά
469 1125 530 1190 τὸν
557 1122 660 1188 αὐτὸν
687 1122 872 1202 ὑπατεύσας
898 1128 1022 1211 χρόνον
1046 1125 1102 1192 καὶ

78 1242 136 1316 τής
166 1235 264 1314 νίκης
291 1236 398 1306 αίτιος
424 1223 513 1294 εἶναι
540 1230 662 1295 δοκῶν·
695 1229 732 1306 ὃς
758 1229 799 1295 οὐ
822 1234 928 1315 μόνον
951 1231 1102 1300 ἀναίτιον

79 1339 187 1404 αὐτὸν
216 1335 417 1420 ἀπέφαινεν,
447 1334 531 1402 ἀλλά
557 1333 612 1401 καὶ
640 1335 686 1413 ὡς
706 1336 882 1421 κράτιστον
904 1337 1038 1424 ἀνδρῶν
1061 1341 1101 1405 τά
1116 1364 1142 1404 10

77 1442 225 1528 πολέμια
265 1440 321 1508 καλ
365 1451 559 1527 στρατηγῶν
598 1444 851 1527 φρονιμώτατον
892 1443 1105 1511 ἐπαινεῖσθαί

77 1573 112 1615 τε
146 1547 206 1614 καὶ
236 1554 401 1632 τιμᾶσθαι
432 1547 499 1611 ὑπὸ
530 1546 665 1612 πάντων
696 1547 801 1630 ήξίαυ.
851 1552 913 1634 ἔφη
947 1546 985 1615 δὲ
1017 1553 1140 1636 δεῖν,2

78 1658 110 1721 εί
139 1652 204 1740 μὲν
234 1655 367 1739 ἀγαθὸν
397 1659 526 1720 οἴονται
552 1652 646 1730 τέλος
671 1652 842 1740 είληφέναι
868 1657 928 1722 τὸν
955 1661 1102 1743 πόλεμον

79 1759 283 1847 ἀμφοτέροις
313 1764 410 1846 σφίσι
439 1760 501 1842 τήν
530 1760 629 1845 χάριν
657 1759 796 1826 είδέναι·
829 1764 860 1826 εί
888 1759 926 1827 δὲ
951 1766 1101 1851 πονηρὸν

79 1867 295 1953 ἀμφοτέρους
318 1871 471 1951 ζημιοῦν·
494 1866 590 1931 κοινά
612 1867 676 1952 γὰρ
700 1867 814 1945 αύτοίς
830 1866 886 1934 καὶ
904 1870 944 1934 τά
962 1873 1102 1953 βουλεύ-
1115 1896 1141 1936 1⁵

19 1992 168 2060 1εειματα
190 1973 248 2040 καὶ
271 1975 312 2040 τά
335 1977 418 2059 ἔργα
439 1970 496 2038 καλ
518 1973 577 2050 τάς
599 1971 636 2036 έκ
657 1982 718 2038 τοῦ
737 1975 914 2059 δαιμονίου
931 1979 1032 2062 τύχας
1049 2003 1102 2063 γε-

80 2080 229 2165 γονέναι.
275 2075 319 2166 ἣν
347 2076 378 2145 δ’
406 2079 448 2146 ού
476 2081 582 2163 μόνον
605 2079 624 2145 ὁ
649 2081 748 2162 λόγος
769 2091 831 2146 τοῦ
854 2081 990 2168 ἀνδρός,
1017 2082 1102 2149 ἀλλά

80 2186 137 2253 καὶ
161 2188 180 2254 ὁ
204 2191 278 2272 βίος
295 2190 440 2270 πείθων,
462 2185 500 2252 έν
518 2185 641 2251 άπασιν
660 2184 876 2271 ἐξητασμένος
894 2190 1005 2273 ἔργοις
1023 2189 1102 2271 ἀγα-

80 2300 169 2370 θοῖς.
206 2303 338 2379 προσῆν
361 2290 399 2359 δέ
420 2295 564 2376 τούτοις,
587 2291 605 2358 ὃ
628 2296 784 2358 πλεῖστον
808 2292 958 2377 ἐκίνησεν
977 2291 1102 2379 οἶκτον,
1121 2305 1141 2368 3

81 2403 192 2478 ὄψεως
216 2408 325 2484 σχήμα
350 2398 534 2484 συμπαθές,
557 2390 631 2465 οἷον
653 2398 730 2485 περὶ
748 2399 868 2477 αὐτοὺς
885 2402 964 2492 τοὺς
981 2423 1102 2466 πεπον-
1117 2429 1143 2468 ιο

80 2509 188 2582 θότας
215 2504 237 2589 ἢ
265 2504 447 2589 μέλλοντας
474 2504 613 2588 πάσχειν
639 2505 680 2568 τά
707 2505 801 2571 δεινά
824 2510 980 2590 γίνεσθαι
1003 2514 1102 2592 φιλεῖ.

81 2614 167 2678 ὥστε
197 2609 254 2677 καὶ
282 2612 361 2687 τοὺς
389 2610 617 2695 προσήκοντας
644 2621 714 2687 τοϊς
742 2611 930 2679 ἀπολωλόσι
959 2611 1015 2680 καὶ
1046 2617 1102 2681 δο-

80 2728 228 2794 κοῦντας
250 2716 477 2793 ἀδιαλλάκτως
500 2717 587 2799 ἔχειν
609 2717 693 2800 πρὸς
714 2719 773 2782 τὸν
797 2725 904 2786 αἴτιον
928 2724 1022 2806 σφίσι
1044 2733 1103 2808 τῆς

82 2833 271 2910 συμφοράς,
294 2820 548 2908 μαλακωτέρους
569 2819 728 2905 γενέσθαι
751 2822 806 2888 καλ
828 2824 1020 2894 ἀποθέσθαι
1040 2832 1104 2915 τήν

82 2930 206 3017 ὀργήν,
233 2930 279 3006 ὡς
306 2929 489 3012 ἐδήλωσαν.
535 2927 769 2995 ἀναδοθεισῶν
796 2932 859 3017 γάρ
886 2944 955 3000 τῶν
977 2939 1103 3022 ήιήφων
1118 2957 1144 2998 ετ

4 3027 6 3036 ’
82 3037 225 3121 οὐδεμία
253 3036 344 3121 φυλή
371 3045 433 3100 τοῦ
461 3033 584 3119 ἀνδρὸς
609 3040 865 3121 κατεψηφίσατο.
911 3041 930 3107 ὁ
956 3039 1018 3126 μέν
1041 3039 1104 3110 οὖν

156 3271 171 3319 7
193 3262 281 3318 αύτδν
300 3278 354 3318 om.
368 3263 395 3316 A
467 3267 483 3314 9
502 3261 538 3323 ὡς
556 3262 601 3316 Ba
619 3259 650 3323 ὃς
666 3261 693 3315 R
765 3271 797 3319 11
818 3273 982 3336 στρατηγεῖν
1001 3283 1025 3323 c.
1040 3269 1104 3324 sin-

81 3334 157 3390 tenis
176 3334 239 3388 Em.
259 3333 342 3389 Dion.
356 3328 427 3388 1113
446 3331 539 3402 ἀνδρα
552 3335 756 3404 -στρατηγὸν
775 3352 798 3390 ο,
814 3336 903 3391 Cobet
922 3337 988 3392 obs.
1007 3356 1035 3409 p.
1051 3345 1103 3396 180

85 3411 117 3464 18
137 3405 153 3459 ό
172 3407 287 3460 παίδων
305 3403 353 3459 Ba
373 3412 376 3472 Ι
398 3404 509 3473 ἀγαθὸς
532 3420 554 3459 ο.
574 3402 738 3459 dubitanter
756 3405 901 3478 Kiessling
972 3415 1005 3464 22
1026 3412 1105 3467 ἀπω-

83 3480 143 3531 λοσι
161 3477 210 3530 Ba
283 3481 319 3530 24
337 3473 550 3545 μαλακωτέρους
567 3475 699 3544 γίνεσθαι
717 3476 769 3546 τὴν
788 3478 874 3549 ὀργήν
892 3481 917 3533 Α
