2538 3884
166 209 232 275 350
590 209 758 262 -Θ-

128 373 201 438 4τὸ
232 371 423 455 δημοτικόν.
467 365 511 454 ἦν
541 364 571 436 δ’
597 371 619 455 ἡ
646 380 707 438 τοῦ
734 373 838 456 μηνὸς
865 370 994 438 ἐκείνου
1020 371 1190 455 ἡγεμονία

163 486 208 565 τῷ
224 479 370 566 Κοιντίῳ
389 480 615 562 προσήκουσα,
633 473 709 543 ὥστ’
728 476 910 561 ἀναγκαῖον
928 473 972 562 ἦν
989 479 1048 544 τὸν
1065 475 1189 562 ἕτερον

163 594 230 649 τῶν
267 584 404 649 ὑπάτων
435 578 541 668 μηδὲν
572 583 712 659 ἄκοντος
743 583 874 649 ἐκείνου
905 595 1024 650 ποιεῖν.
1078 584 1111 648 οἱ
1144 579 1189 648 δὲ

162 688 239 776 περὶ
262 692 321 756 τὸν
340 690 494 755 Πόπλιον
518 689 682 774 δήμαρχοι
705 685 811 756 οὐθέν
835 692 884 754 ἔτι
904 691 1190 775 διαμελλήσαντες

137 798 222 864 ετὸν
246 795 283 861 έν
305 803 351 883 τῷ
375 797 526 879 πρόσθεν
549 792 689 884 ἐνιαυτῷ
714 796 755 861 οὐ
779 793 970 880 δυνηθέντα
986 800 1095 880 νόμον
1113 794 1187 861 ἐπι-

163 908 359 988 κυρωθῆναι
373 901 475 967 πάλιν
488 899 675 988 εἰσέφερον,
687 901 961 988 προσγράψαντες
975 903 1066 990 αὐτῷ
1080 901 1185 968 καὶτὸ

162 1019 229 1073 τῶν
248 1007 467 1092 ἀγορανόμων
484 1008 620 1093 ἀρχεῖον
638 1007 675 1074 ἐν
694 1018 765 1086 ταῖς
778 1009 892 1086 αὐταῖς
905 1015 1187 1095 ψηφοφορεῖσθαι

163 1112 366 1198 ἐκκλησίαις,
393 1111 449 1179 καὶ
471 1113 579 1180 πάντα
600 1108 721 1198 τᾶλλα,
749 1113 810 1180 ὅσα
833 1113 870 1181 ἐν
892 1138 938 1179 τιι
963 1116 1059 1203 δήμῳ
1081 1115 1186 1200 πράτ-
1267 1162 1268 1195 ,

162 1222 284 1284 τεσθαί
303 1242 338 1284 τε
360 1218 416 1285 καὶ
439 1219 681 1307 ἐπικυροῦσθαι
704 1223 827 1306 δεήσει,
850 1221 916 1287 ὑπὸ
939 1231 1006 1286 τῶν
1025 1227 1260 1306 φυλετῦνιεει

122 1355 148 1394 10
163 1323 420 1410 ἐπιψηφίζεσθαι
441 1328 524 1392 κατά
542 1327 677 1393 ταύτόν·
701 1328 781 1414 ὅπερ
800 1322 843 1412 ἦν
861 1329 926 1412 άρα
943 1337 1002 1412 τῆς
1020 1323 1080 1412 μὲν
1098 1331 1185 1412 βου-
1267 1330 1268 1400 1

161 1437 221 1516 λης
242 1432 420 1510 κατάλυσις
442 1433 587 1520 φανερά,
610 1443 671 1501 τοῦ
693 1430 731 1499 δὲ
754 1436 863 1518 δήμου
886 1436 1077 1500 δυναστεία.

227 1537 432 1604 ΧΧΧΧΙΠΙ.
477 1542 583 1606 Τοῦτο
611 1547 761 1624 μαθοῦσι
787 1551 857 1618 τοῖς
878 1540 1017 1617 ὑπάτοις
1040 1538 1183 1627 φροντὶς
1267 1520 1268 1597 δ

161 1642 265 1730 εἰσῄει
293 1643 350 1710 καὶ
379 1648 553 1730 λογισμός,
583 1646 672 1724 ὅπως
700 1645 744 1712 ἂν
773 1645 811 1712 ἐν
837 1647 930 1732 τάχει
956 1644 1012 1711 καλ
1040 1649 1106 1712 σὺν
1133 1655 1181 1734 τῷ
1267 1640 1268 1701 δ

161 1750 305 1836 ἀσφαλεῖ
335 1753 372 1816 τὸ
404 1760 613 1837 παρακινοῦν
644 1750 699 1818 καὶ
732 1752 907 1832 στασιάζον
940 1751 1107 1839 ἐξαιρεθῇ.
1160 1753 1180 1819 δ

121 1883 147 1924 ιε
160 1853 221 1940 μὲν
250 1851 312 1921 οὖν
328 1853 468 1933 ’Ἀππιος
496 1855 550 1922 ἐπὶ
576 1859 617 1923 τδι
645 1857 731 1923 ὅπλα
758 1863 873 1923 καλεῖν
900 1859 1037 1943 γνώμην
1061 1857 1181 1924 ἐδίδου

160 1963 237 2038 τοῦς
259 1958 487 2045 βουλομένους
510 1963 674 2042 σώζεσθαι
695 1964 757 2047 τὴν
780 1963 920 2049 πάτριον
938 1967 1123 2031 πολιτείαν·
1147 1967 1183 2030 εί

160 2065 200 2132 δέ
220 2090 307 2146 τινες
329 2067 464 2135 ἐναντία
485 2071 649 2152 θήσονται
671 2072 767 2155 σφίσι
789 2071 830 2136 τά
852 2070 954 2154 ὅπλα,
976 2071 1117 2148 τούτους
1138 2069 1179 2136 ἐν

124 2178 328 2261 2πολεμίων
355 2183 526 2242 ποιεῖσθαι
554 2179 662 2263 μοίρᾳ.
708 2176 726 2242 ὁ
755 2172 793 2240 δέ
815 2178 972 2253 Κοίντιος
993 2179 1082 2265 λόγφ
1106 2180 1181 2242 πεί-

159 2289 237 2348 θειν
260 2281 342 2370 ρ’όετο
367 2284 439 2348 δεῖν
461 2284 539 2360 τοὺς
562 2284 760 2366 δημοτικοὺς
782 2278 838 2347 καὶ
858 2282 1113 2366 μεταδιδάσκειν
1132 2284 1181 2361 ὡς

119 2416 146 2456 ιο
160 2386 204 2452 δι’
231 2390 372 2471 άγνοιαυ
397 2399 457 2455 τοῦ
481 2387 709 2475 συμφέροντος
731 2391 779 2466 είς
801 2387 942 2474 ὀλέθρια
964 2389 1180 2474 βουλεύματα

158 2492 377 2580 φερομένους·
397 2494 535 2580 ἐσχάτης
553 2498 673 2580 μανίας
691 2496 791 2582 ἔργον
809 2490 895 2562 εἶναι
915 2493 1033 2580 λέγων,
1051 2495 1073 2561 δ
1090 2493 1174 2581 παρ’

159 2597 304 2666 ἑκόντων
323 2599 428 2679 ἔξεστι
445 2599 610 2688 φέρεσθαι
625 2612 693 2666 τῶν
708 2600 1052 2686 συμπολιτευομένων,
1070 2612 1178 2668 ταῦτα

123 2701 234 2788 3παρ’
258 2705 408 2773 ἀκόντων
431 2708 615 2791 βούλεσθαι
636 2708 829 2793 λαμβάνειν.
865 2706 1112 2774 ἐπαινεσάντων
1133 2705 1246 2776 δέιεει

158 2807 213 2873 καὶ
242 2820 309 2876 τῶν
336 2814 449 2879 ἄλλων
475 2826 542 2880 τῶν
570 2811 925 2900 συμπαραληφθέντων
952 2816 1000 2891 εἰς
1026 2815 1064 2880 τὸ
1091 2831 1176 2880 συν-

230 3043 246 3092 ῦ
266 3031 480 3108 ἐπικυρωθῆναι
493 3038 581 3109 νόμον
600 3039 786 3110 OpraeterB
844 3045 860 3094 9
880 3036 1078 3112 έπικνρεῖσθαι
1092 3040 1173 3096 ABG

158 3105 366 3180 ἐπικυροῦσθαι
383 3110 458 3180 Omg
476 3113 506 3165 et
524 3108 657 3166 Gelenius
730 3117 763 3168 10
782 3112 892 3167 *ταύτὸ
912 3111 935 3167 Ο
955 3111 1064 3167 correxi
1138 3118 1172 3166 13

157 3181 237 3251 λόγος
255 3182 278 3238 Ο
297 3182 425 3253 λογισμός
443 3198 465 3237 ο.
480 3180 625 3252 Kiessling
714 3189 748 3238 14
770 3177 821 3250 ἐξα
850 3185 933 3253 εθείη
952 3200 974 3240 ο.
995 3181 1086 3238 Cobet
1103 3181 1172 3240 obs.

156 3271 183 3322 p.
205 3259 253 3309 181
330 3259 363 3308 16
381 3259 439 3316 τοῖς
457 3253 638 3327 βουλομένοις
656 3254 679 3310 Ο
697 3256 810 3325 praeter
928 3260 960 3310 17
980 3250 1097 3310 ἐναντία
1115 3253 1174 3322 θη-

156 3341 255 3379 σονται
273 3324 319 3378 Ba
339 3321 598 3394 έναντιωθόσονται
615 3325 641 3379 R
659 3325 695 3380 cf.
709 3325 799 3381 Cobet
817 3325 883 3381 obs.
901 3342 928 3394 p.
946 3331 978 3380 12
1003 3329 1008 3394 Ι
1035 3322 1116 3394 σφίσι
1136 3325 1173 3379 τὰ

157 3393 229 3449 όπλα
247 3396 292 3449 Ba
317 3398 396 3464 σφίσι
413 3398 483 3469 πρὸς
501 3396 536 3452 τά
554 3396 579 3453 ὁ.
597 3398 623 3452 R
711 3404 746 3453 20
770 3391 802 3452 ἐν
820 3397 923 3472 ἀγνοίᾳ
941 3397 988 3450 Ba
1007 3399 1040 3451 ut
1057 3395 1173 3452 videtur

157 3471 190 3518 21
214 3463 326 3536 π<α>ρ’
348 3466 394 3520 Bb
485 3474 520 3524 24
541 3476 597 3523 τῶν
616 3485 670 3524 om.
689 3467 713 3520 A
734 3470 738 3538 Ι
758 3464 1006 3538 παραληφθέντων
1024 3468 1047 3522 Β
