2538 3884
166 210 231 276 336
589 209 756 263 -Θ-

129 376 334 457 2πολεμίοις
362 370 599 458 συμφέρεσθαι.
646 374 771 454 γίνεται
799 372 841 455 δὴ
867 373 949 456 μετὰ
970 382 1071 438 τοῦτο
1094 371 1193 466 πάση

164 483 337 566 προθυμίᾳ
359 489 426 544 τῶν
449 481 631 563 Ίυρρηνῶν
654 475 908 562 ἀγωνιζομένων
931 479 996 562 πρὸ
1019 486 1080 560 τῆς
1103 499 1195 563 παρ-

164 588 308 671 εμβολῆς
326 584 415 663 όξεία
434 585 519 670 μάχη
538 581 593 649 καί
612 587 718 668 φόνος
735 582 932 668 ἀμφοτέρων
950 586 1069 667 πολύς,
1093 587 1195 667 ἰσόρ-

165 696 268 777 ροπός
285 714 320 757 τε
338 689 393 758 καί
412 689 507 775 μέχρι
520 694 648 755 πολλοῦ
662 689 926 774 ταλαντευομένη
941 691 1020 774 τῇδε
1033 688 1092 754 καί
1106 691 1194 773 τῇδε

140 798 187 882 εὴ
202 799 310 883 κρίσις
327 807 387 863 τοῦ
401 795 558 880 πολέμου.
582 793 680 861 ἔπειτ’
699 795 859 862 ἐνέδοσαν
878 797 914 861 οί
929 793 1101 880 Τυρρηνοὶ
1119 795 1191 860 ὑπὸ

165 913 223 988 της
234 901 415 989 Ῥωμαικῆς
429 901 629 982 ἐξωσθέντες
642 903 746 968 ἵππου
760 900 815 966 καί
828 901 1049 988 ἀπεχώρησαν
1063 903 1114 978 εἰς
1126 903 1193 966 τὸν

165 1009 308 1095 χάρακα,
337 1007 410 1077 ὁδ’
437 1009 561 1085 ὕπατος
586 1008 786 1092 ἠκολούθει,
814 1007 870 1073 καὶ
898 1009 1012 1093 ἐπειδὴ
1040 1013 1193 1092 πλησίον

166 1114 296 1200 ἐγένετο
311 1127 379 1181 τῶν
394 1115 566 1199 ἐρυμάτων
583 1149 620 1160 -
638 1110 681 1197 ἦν
695 1110 732 1178 δὲ
746 1114 883 1198 φαύλως
896 1115 1193 1198 κατεσκευασμένα

165 1219 220 1287 καλ
239 1223 276 1287 τὸ
295 1225 429 1306 χωρίον,
452 1221 562 1303 ὥσπερ
581 1222 678 1305 ἔφην,
697 1219 739 1285 οὐ
756 1219 845 1284 πάνυ
863 1217 1066 1304 ἀσφαλές-
1081 1236 1192 1305 προσ-

126 1349 153 1388 10
167 1327 262 1413 ε’βαλε
281 1327 361 1393 κατὰ
379 1328 487 1392 πολλὰ
504 1323 586 1411 μέρη
604 1328 644 1390 τό
662 1347 696 1390 τε
715 1326 833 1390 λοιπὸν
847 1324 975 1407 ἐκείνης
987 1334 1047 1409 τῆς
1059 1325 1257 1410 ημέραςιεεε

166 1433 267 1520 μέρος
298 1432 569 1518 ἐπιταλαιπωρῶν
601 1429 657 1496 καί
687 1427 768 1495 οὐδὲ
797 1432 858 1515 τὴν
888 1429 1049 1496 ἐπιοῦσαν
1080 1432 1189 1497 νύκτα

131 1541 451 1624 3ἀναπανσάμενος.
497 1538 533 1604 οί
558 1534 596 1602 δὲ
624 1534 791 1622 Τυρρηνοὶ
814 1546 887 1612 ταῖς
909 1535 1064 1620 συνεχέσι
1088 1561 1190 1602 κακο-

138 1711 140 1716 ,
167 1651 323 1723 παθείαις
346 1646 558 1729 ἀπειρηκότες
580 1643 769 1708 ἐκλείπουσι
791 1643 851 1707 τὸν
873 1642 1000 1727 χάρακα
1014 1641 1103 1726 περὶ
1126 1645 1188 1708 τὸν
1256 1709 1257 1712 ,

167 1754 296 1838 ὄρθρον
325 1754 380 1816 καί
408 1753 444 1816 οί
467 1748 529 1836 μὲν
555 1753 604 1827 εἰς
630 1749 693 1832 την
719 1751 819 1814 πόλιν
847 1751 996 1833 ἔφυγον,
1017 1748 1053 1813 οί
1080 1748 1111 1814 δ’
1141 1752 1190 1827 εἰς
1256 1785 1257 1818 ι

127 1876 153 1918 15
167 1857 225 1933 τὰς
255 1861 398 1941 πλησίον
429 1857 511 1934 ύλας
540 1855 800 1939 ἐσκεδάσθησαν.
850 1857 1031 1944 γενόμενος
1061 1852 1101 1921 δὲ
1131 1856 1189 1922 καὶ
1256 1849 1257 1902 ἱ

166 1964 286 2029 τούτου
310 1972 370 2029 τοῦ
392 1963 534 2048 χάρακος
557 1962 715 2047 έγκρατης
738 1960 869 2044 ἐκείνην
892 1957 954 2045 μὲν
975 1963 1038 2046 τὴν
1055 1961 1188 2046 ἡμέραν

167 2069 332 2136 ἀνέπαυσε
354 2069 417 2152 τὴν
439 2070 607 2155 στρατιάν,
629 2077 669 2154 τῇ
693 2064 724 2132 δ’
748 2065 821 2152 ἑξῆς
840 2068 880 2132 τά
897 2091 932 2132 τε
951 2068 1098 2153 λάφυρα,
1123 2069 1188 2134 ὅσα

167 2177 201 2255 έξ
225 2175 421 2262 ἀμφοτέρων
443 2178 572 2260 εἰλήφει
593 2186 661 2241 τῶν
684 2172 927 2260 στρατοπέδων,
950 2171 1097 2258 διένειμε
1114 2188 1188 2252 τοῖς

167 2282 428 2368 ἀγωνισαμένοις
450 2283 556 2348 πολλά
579 2283 671 2364 όντα,
694 2283 749 2345 καί
772 2283 850 2357 τοὺς
867 2280 1130 2363 ἀριστεύσαντας
1151 2281 1189 2347 ἐν

126 2370 239 2484 2’ξταῑς
265 2391 384 2476 μάχαις
410 2402 479 2466 τοῖς
505 2391 666 2454 εἰωθόσιν
694 2386 826 2470 ἐκόσμει
849 2386 1034 2471 στεφάνοις.
1080 2383 1127 2470 ἦν
1152 2387 1184 2452 δ’

167 2498 186 2563 ό
208 2497 366 2582 κράτιστα
383 2495 518 2560 πάντων
537 2493 769 2577 ἀγωνίσασθαι
788 2490 886 2569 δόξας
903 2489 959 2557 καλ
976 2493 1190 2578 τρεψάμενος

166 2605 229 2688 τὴν
261 2601 473 2668 Οὐιεντανῶν
506 2602 651 2684 δύναμιν
681 2602 878 2683 Σερουίλιος
907 2597 926 2664 δ
956 2607 1001 2684 τῷ
1031 2599 1188 2688 προτέρφ

166 2709 353 2784 ὑπατεύσας
380 2711 445 2772 ἔτει
472 2705 526 2773 καλ
553 2708 614 2790 τὴν
639 2703 693 2770 έπλ
716 2715 776 2770 τοῦ
799 2705 908 2788 δήμου
931 2705 1028 2788 δίκην
1052 2704 1189 2790 ἀποφυ-

167 2817 249 2898 γών,
271 2815 473 2899 πρεσβευτὴς
494 2816 567 2880 τότε
591 2821 636 2899 τῷ
662 2811 833 2899 Οὐαλερίῳ
857 2814 1105 2896 συμπεμφθείς,
1129 2811 1189 2876 καλ

128 2939 153 2982 ει
169 2918 222 2986 έπί
250 2929 288 3006 τῇ
317 2919 465 3008 ἀριστείᾳ
491 2922 569 3005 τῇδε
596 2919 655 2995 τὰς
680 2914 896 3001 νομιζομένας
917 2912 1005 2981 εἰναι
1027 2922 1188 3001 μεγίστας

167 3027 256 3113 παρὰ
279 3023 450 3110 Ῥωμαίοις
478 3026 605 3111 δωρεάς
631 3019 728 3100 οὗτος
754 3019 797 3108 ἦν
821 3023 839 3089 δ
862 3033 992 3108 πρῶτος
1014 3022 1188 3107 ἐξενεγκά-

168 3159 274 3220 μενος.
320 3133 401 3217 μετά
428 3141 530 3196 ταῦτα
557 3132 636 3207 τούς
659 3141 783 3194 τετῶν
806 3131 975 3213 πολεμίων
998 3131 1188 3208 σκυλεύσας

240 3335 256 3382 3
276 3326 406 3397 ἰσόροπος
423 3323 470 3378 Ba
542 3327 574 3375 11
595 3317 868 3394 έπιιαλ<αι>πωρῶν
886 3321 934 3374 Ba
980 3320 981 3324 ’
1005 3327 1040 3375 14
1060 3318 1187 3392 ἔφευγον

169 3397 192 3451 Ο
212 3396 318 3488 ἔφυγον
338 3396 461 3468 Sylburg
542 3399 575 3448 1⁷
598 3413 628 3448 τε
647 3409 701 3447 om.
721 3395 746 3447 A
828 3398 861 3447 18
880 3390 990 3460 εἰλήφει
1008 3400 1064 3446 τῶν
1084 3410 1141 3450 om.
1161 3395 1188 3448 A

168 3468 389 3534 νοηιυιε
414 3466 522 3522 ιοεΒ
