2508 3882
163 220 230 284 224
586 223 754 271 -H-

128 382 309 466 λοίμωγδς
327 378 382 446 καὶ
401 384 566 459 λιτανείας
585 381 622 447 ἐν
636 380 752 447 οὐδενὶ
766 385 854 471 λόγφ
872 384 1055 467 τιθέμενοι.
1088 379 1180 447 τοῦτ’

165 487 365 571 ἀγνοοῦντες
400 487 437 553 ολ
465 483 641 572 Ῥωμαῖοι,
676 486 880 572 πεπυσμένοι
918 483 955 552 δὲ
991 487 1082 573 παρά
1115 499 1185 552 τῶν

166 595 383 680 αἰχμαλώτων
414 597 595 680 πρότερον,
631 593 683 659 ὅτι
715 595 857 680 δύναμις
887 591 1050 679 Ἑρνίκων
1089 591 1186 680 ἑτέρα

165 700 281 786 μέλλοι
303 703 431 787 βοηθὸς
452 701 544 785 ἥξειν
567 711 637 778 τοῖς
659 700 847 787 σφετέροις,
877 699 933 767 καὶ
953 702 1015 785 την
1039 703 1126 786 βοήν
1150 725 1186 767 τε

140 806 221 874 ικαὶ
239 810 386 894 ταραχην
410 805 463 873 ἐπὶ
481 816 519 892 τῇ
544 806 681 872 ἐκπίνων
704 806 815 892 ἀφίξει
838 805 1013 892 γεγονέναι
1030 810 1187 892 νομίζον-

166 937 235 999 τες,
262 915 303 981 τά
325 908 353 980 τ’
381 914 465 980 ὅπλα
488 912 654 997 άνίλαβον
676 911 732 978 καὶ
754 916 814 980 τὸν
836 913 963 999 χάρακα
986 931 1187 1000 περιστεφα-
1248 957 1249 986 ;

167 1022 343 1103 κύσαντες,
366 1023 411 1104 μη
433 1044 484 1098 τις
507 1021 628 1104 ἔφοδος
651 1019 765 1097 αὐτοῖς
787 1017 918 1104 γένοιτο
941 1021 1085 1106 νύκτωρ,
1110 1019 1187 1087 τοτὲ
1248 1041 1249 1050 ’

166 1123 228 1210 μὲν
251 1126 365 1191 ὅπλων
387 1127 513 1193 κτύπον
536 1126 674 1192 ἐποίουν
697 1125 831 1211 ἀθρόοι,
853 1122 927 1192 τοτὲ
950 1124 979 1191 δ’
1004 1127 1115 1213 ὥσπερ
1138 1131 1249 1205 είςιεοι

167 1231 277 1318 μάχην
299 1231 488 1316 ὁρμώμενοι
509 1233 639 1318 θαμινά
658 1231 870 1317 ἐπηλάλαζον.
916 1244 987 1312 τοῖς
1005 1230 1036 1299 δ’
1054 1231 1186 1321 Ἕρνιξι

5 1358 8 1363 ·
129 1363 154 1401 ιο
168 1335 223 1403 καὶ
244 1347 348 1403 ταῦτα
371 1337 456 1414 δέοςΙ
468 1336 553 1423 μίγα
574 1350 722 1425 παρεῖχε,
744 1337 799 1404 καὶ
820 1340 865 1417 ὡς
884 1341 1084 1424 διωκόμενοι
1101 1343 1187 1426 πρὸς

166 1456 235 1510 τῶν
258 1447 427 1529 πολεμίων
445 1446 609 1531 σποράδες
627 1447 723 1511 ἄλλοι
741 1443 812 1512 κατ’
834 1447 937 1525 άλλας
954 1447 1057 1524 ὁδοὺς
1073 1450 1186 1514 ἔθεον.

134 1549 293 1638 3ημέρας
324 1547 361 1616 δὲ
393 1550 589 1637 γενομένης,
622 1552 737 1637 ἐπειδη
770 1551 974 1637 ἀπήγγειλαν
1007 1555 1122 1631 αὐτοῖς
1155 1555 1189 1620 οί

169 1658 379 1743 πεμφθέντες
404 1657 458 1723 ἐπὶ
485 1660 546 1743 τὴν
568 1660 780 1743 κατασκοπὴν
803 1661 927 1744 ἱππεῖς,
954 1661 999 1739 ὡς
1021 1661 1099 1726 οὔτε
1128 1662 1188 1726 δύ-

168 1786 266 1847 ναμις
289 1760 384 1850 έτέρα
402 1761 522 1850 παρῄει
547 1767 718 1853 σύμμαχος
735 1777 806 1843 τοῖς
827 1770 1008 1851 πολεμίοις,
1031 1768 1067 1833 οἲ
1087 1790 1123 1833 τε
1147 1777 1187 1854 τῇ

131 1891 156 1932 15
169 1867 314 1956 προτέρᾳ
344 1869 610 1955 παραταξάμενοι
642 1873 730 1959 μάχη
759 1873 983 1957 πεφεύγασιν,
1015 1871 1188 1957 ἐξαγαγὼν

169 1976 232 2059 την
256 1975 400 2060 δύναμιν
423 1976 442 2042 δ
462 1973 632 2055 Ἀκύλλιος
654 1983 715 2045 τόν
733 2003 767 2045 τε
787 1979 915 2066 χάρακα
932 1990 1000 2045 τῶν
1017 1983 1189 2064 πολεμίων

170 2082 258 2169 αίρεῑ
275 2083 396 2167 μεστὸν
415 2084 495 2148 ὄντα
512 2085 703 2169 ὑποζυγίων
721 2109 755 2151 τε
774 2084 829 2151 καλ
848 2086 971 2172 ἀγορᾶς
987 2083 1043 2151 καὶ
1061 2085 1190 2170 ὅπλων,
1249 2121 1250 2174 η

169 2186 226 2254 καὶ
252 2191 329 2266 τοὺς
356 2195 557 2276 τραυματίας
584 2190 694 2258 αὐτῶν
722 2193 783 2258 οὐκ
812 2192 967 2269 ἐλάττους
994 2194 1092 2269 ὄντας
1119 2205 1190 2259 τῶν

170 2296 391 2384 πεφευγότων,
405 2299 576 2384 λαμβάνει,
594 2301 656 2383 τήν
673 2322 708 2364 τε
727 2301 830 2366 ἵππον
846 2298 1012 2384 ἐκπέμψας
1035 2297 1090 2364 ἐπὶ
1108 2304 1191 2378 τοὺς

6 2417 11 2424 ’
132 2427 158 2467 ιο
172 2402 432 2489 ἐσκεδασμένους
455 2404 518 2471 ἀνὰ
541 2407 599 2483 τδς
621 2406 724 2483 ὁδούς
740 2429 774 2470 τε
797 2403 853 2472 καὶ
871 2407 929 2484 τὰς
950 2406 1032 2483 ύλας
1050 2411 1188 2472 πολλῶν

166 2511 296 2593 γίνεται
312 2511 474 2596 σωμάτων
488 2511 660 2597 ἐγκρατής·
674 2510 729 2577 καὶ
743 2513 780 2578 τὸ
795 2513 914 2578 λοιπὸν
927 2513 992 2597 ἤδη
1006 2513 1066 2595 την
1076 2509 1189 2598 Ἑρνί-

171 2638 239 2681 κων
259 2625 322 2699 γῆν
341 2614 433 2702 ἐπῄει
453 2622 620 2701 λεηλατῶν
634 2617 750 2703 ἀδεῶς,
773 2618 913 2695 οὐδενὸς
932 2621 980 2684 ἐτι
998 2617 1190 2704 ὑπομένον-

171 2744 226 2796 τος
248 2722 296 2796 είς
319 2733 431 2808 χεῖρας
454 2720 548 2788 ίέναι.
595 2734 698 2790 ταῦτα
721 2721 783 2809 μὲν
803 2721 973 2802 Ἀκύλλιος
995 2727 1148 2810 ἔδρασεν.

238 2823 372 2891 LXVII.
408 2823 444 2889 ‘0
473 2824 504 2892 δ’
532 2827 642 2913 ἕτερος
663 2841 731 2895 τῶν
753 2831 889 2897 ὑπάτων
917 2835 1017 2910 Τίτος
1038 2835 1250 2918 Σίκκιος,166ι

133 2930 191 2997 ωδ
214 2928 379 3014 πεμφθεὶς
401 2929 455 2997 ἐπὶ
480 2932 730 3020 Οὐολούσκους,
759 2938 840 3002 ὅσον
861 2933 904 3021 ην
931 2935 1108 3022 κράτιστον
1131 2950 1194 3024 τῆς

173 3035 346 3122 δυνάμεως
364 3036 463 3125 μέρος
481 3038 707 3124 ἀναλαβὼνί
676 3064 692 3106 ε
707 3067 723 3118 ς
741 3044 802 3127 την
823 3043 1056 3128 Οὐελιτρανῶν
1074 3047 1193 3130 χώραν

245 3189 315 3250 9έπ
316 3194 464 3269 ηλά<λα>ζ
464 3216 496 3250 ον
519 3196 542 3249 Β
634 3203 666 3251 11
687 3195 772 3253 ἔδεον
792 3199 814 3253 Ο
906 3206 940 3255 14
958 3208 1053 3283 παρῆν
1074 3203 1160 3256 Aa
1117 3222 1160 3257 πα
1161 3225 1194 3272 ρ-

173 3267 590 3356 <ὼ>ΒωρῶηοΜΜο
683 3269 1058 3327 ἥωταωο.ΜΜε
1155 3281 1194 3330 w

173 3340 229 3394 άνα
231 3340 336 3411 λαβὼν,
307 3339 440 3408 νςυοδ
460 3338 625 3410 Sylburgius
654 3340 752 3394 deesse
775 3341 975 3413 intellegebat,
1003 3343 1193 3415 Bpraebexe

174 3477 342 3545 Heylbutius
361 3481 443 3536 testis
462 3484 507 3536 est
525 3479 608 3552 μέρος
617 3431 703 3545 asa
722 3483 742 3538 0
