2538 3884
492 234 694 287 --Θ-
1053 230 1120 296 325

100 396 278 479 ἐλευθερία
301 393 535 487 ιζ’ἀπόλλυται
558 394 613 462 καὶ
635 396 796 480 ἡγεμονία
814 396 1020 478 καταλύεται,
1042 398 1120 472 τοὺς

99 504 276 580 τοιούτους
298 501 430 586 ἀγῶνας
453 503 578 582 αἰτίους
597 502 733 566 ἔσεσθαι
750 501 832 565 κατὰ
851 503 888 566 τὸ
908 502 995 577 είκὸς
1013 500 1119 584 ε’λογί-

100 613 205 688 ζοντο.
253 610 457 694 παρακλήσει
483 631 518 673 τε
546 612 651 693 πολλῇ
675 606 819 693 ἐχρῶντο
841 619 909 672 τῶν
932 605 1155 692 δημοτικῶν3

98 718 142 801 μὴ
167 725 380 798 καταγνῶναι
398 723 459 780 τοῦ
477 712 601 799 ἀνδρὸς
617 714 678 797 τὴν
697 715 805 798 δίκην,
827 712 1052 795 διδάσκοντες,
1075 713 1119 790 ὡς

98 823 229 908 μεγάλα
261 820 429 905 βλάψουσι
460 821 523 904 τὴν
553 822 653 885 πόλιν
682 817 736 884 ἐπὶ
765 829 836 896 ταῖς
864 817 1013 903 ἀτυχίαις
1041 821 1120 895 τοὺς
1146 837 1160 878 ε

98 930 307 1014 στρατηγοὺς
335 929 535 1011 ζημιοῦντες.
581 923 651 991 ἐπεὶ
674 923 705 991 δ’
727 926 746 992 ό
768 933 829 992 τοῦ
851 924 979 1008 ἀγῶνος
1001 923 1154 1009 ἐνίστη4

97 1038 239 1120 χρόνος,
267 1033 448 1114 παρελθὼν
470 1023 518 1109 εἷς
539 1043 607 1098 τῶν
630 1032 809 1117 δημάρχων
831 1035 1035 1118 κατηγόρησε
1058 1042 1119 1098 τοῦ

33 1141 242 1225 1822ἀνδρός,
265 1139 407 1216 Λεύκιος
429 1140 621 1224 Καιδίκιος,
644 1140 694 1205 ὅτι
718 1137 762 1204 δι’
788 1139 984 1224 ἀφροσύνην
1007 1162 1041 1204 τε
1064 1137 1119 1204 καὶ

96 1256 159 1314 τοῦ
190 1256 387 1332 στρατηγεῖν
415 1244 570 1330 ἀπειρίαν
597 1247 645 1323 είς
667 1246 837 1332 πρόδηλον
859 1247 952 1329 ἀγων
975 1248 1119 1331 ὄλεθρον

97 1354 157 1430 τάς
186 1353 345 1436 δυνάμεις
373 1350 520 1418 ἀπώλεσε
547 1361 605 1436 της
631 1355 758 1429 πόλεως
780 1352 840 1434 τὴν
862 1355 1040 1438 κρατίστην
1063 1351 1119 1416 ἀκ-
1134 1372 1160 1410 ιο

69 1457 75 1464 ”
97 1463 183 1543 μήν,
216 1457 272 1524 καὶ
300 1461 332 1525 εί
359 1459 403 1542 μὴ
431 1469 544 1544 ταχεῖα
566 1467 626 1526 τοῦ
648 1468 753 1524 κακοῦ
775 1469 898 1541 γνῶσις
920 1455 1050 1541 ἐγένετο
1073 1465 1118 1545 τῷ

98 1566 291 1654 συνυπάτῳ,
313 1563 370 1631 καὶ
392 1566 474 1631 κατά
498 1567 649 1649 σπουδὴν
672 1567 764 1648 ἀγων
787 1565 844 1642 τάς
864 1565 1023 1648 δυνάμεις
1040 1564 1120 1641 τούς

97 1677 132 1736 τὲ
156 1675 338 1756 πολεμίους
361 1670 529 1737 ἀνέστειλε
551 1669 703 1749 καὶτοὺς
722 1670 903 1757 σφετέρους
922 1673 1035 1754 ἔσωσε,
1058 1694 1119 1755 μη-

99 1774 160 1842 δὲν
189 1777 233 1842 ἀν
255 1775 415 1861 γενέσθαι
437 1781 474 1844 τὸ
498 1783 651 1844 κωλῦσον
674 1778 805 1842 ἅπασαν
828 1776 1036 1844 ἀπολωλέναι
1058 1777 1119 1860 τὴν

99 1881 219 1968 ἑτέραν
242 1885 388 1967 δύναμιν
410 1882 467 1948 καλ
485 1886 522 1950 τὸ
541 1886 661 1950 λοιπὸν
678 1884 832 1969 ἡμίσειαν
850 1882 925 1950 ἀντὶ
944 1886 1119 1960 διπλασίας
1134 1901 1158 1942 1⁵

99 1986 188 2057 εἶναι
216 1991 278 2074 τὴν
304 1992 414 2055 πόλιν.
459 1987 584 2055 τοιαῦτ’
612 1991 715 2054 είπδιυ
742 1991 910 2077 μάρτυρας
936 1989 1152 2075 ἕπηγάγετοὸ

100 2097 265 2182 λοχαγούς
287 2118 338 2178 τε,
361 2095 435 2161 ὅσοι
456 2103 636 2182 περιῆσαν,
658 2093 713 2161 καὶ
735 2106 803 2161 τῶν
825 2098 937 2161 ἀλλων
960 2115 1118 2179 στρατιω-

99 2213 167 2268 τῶν
197 2225 308 2284 τινας,
338 2204 374 2266 οἳ
400 2203 437 2266 τὸ
467 2199 595 2267 ἑαυτῶν
624 2204 763 2287 αίσχρὸν
790 2199 844 2266 ἐπὶ
871 2209 911 2286 τῇ
938 2203 1011 2265 τότε
1038 2201 1118 2286 ἥττῃ

98 2331 134 2372 τε
167 2305 224 2373 καὶ
255 2315 346 2392 φυγῇ
380 2310 551 2391 ζητοῦντες
582 2307 815 2374 ἀπολύσασθαι
844 2309 903 2372 τὸν
933 2310 1118 2392 στρατηγὸν

98 2411 243 2500 ᾐτιῶντο
262 2423 320 2497 τῆς
338 2411 414 2498 περὶ
431 2416 491 2480 τὸν
508 2412 622 2497 ἀγῶνα
640 2415 851 2498 δυσποτμίας.
885 2409 983 2477 ἔπειτ’
1006 2408 1119 2479 οἶκτον
1131 2434 1158 2474 ιο

99 2518 153 2585 ἐπὶ
183 2527 224 2604 τῇ
255 2527 414 2607 συμφορᾷ
442 2531 510 2584 τῶν
537 2523 610 2585 τότε
638 2523 850 2603 τεθνηκότων
877 2519 1118 2604 καταχεάμενος

99 2623 209 2692 πολὺν
238 2622 295 2689 καὶ
324 2628 361 2690 τὸ
393 2627 506 2691 δεινὸν
538 2625 695 2710 αὐξήσας,
725 2626 765 2691 τά
794 2622 822 2690 τ’
850 2627 951 2709 ἀλλα,
980 2625 1042 2690 ὅσα
1071 2627 1119 2702 είς

99 2734 238 2816 φθόνον
260 2739 356 2816 κοινῇ
379 2732 462 2797 κατά
480 2743 548 2797 τῶν
565 2735 747 2817 πατρικίων
765 2735 927 2818 λεγόμενα
945 2735 1024 2810 τοὺς
1042 2731 1119 2818 με’λ-

100 2842 222 2914 λοντας
249 2833 333 2922 ὑπὲρ
360 2847 422 2903 τοῦ
444 2837 569 2921 ἀνδρὸς
591 2839 772 2921 δεήσεσθαι
795 2837 960 2925 ἀνείρξειν
983 2842 1119 2923 ἔμελλεν

102 2943 137 3008 ἐκ
159 2947 286 3026 πολλῆς
308 2943 493 3028 ὑπεροψίας
515 2946 674 3029 διελθών,
696 2944 868 3031 παρέδωκε
885 2949 945 3012 τὸν
963 2949 1074 3030 λόγου.
1134 2965 1160 3004 2⁵

41 3067 98 3116 1823
166 3048 342 3114 XXVIIII.
371 3051 586 3135 Παραλαβὼν
605 3048 721 3134 δὲτὴν
740 3050 924 3136 ἀπολογίαν
942 3053 960 3119 ὁ
979 3055 1120 3137 Σερουί-

100 3162 170 3234 λιος
192 3151 300 3221 εἶπεν·
330 3158 375 3221 Et
391 3153 452 3242 μὲν
471 3154 525 3221 ἐπὶ
543 3157 640 3240 δίκην
659 3181 699 3242 με
717 3161 906 3241 κεκλήκατε,
929 3153 955 3222 ὦ
973 3163 1117 3240 πολῖται,

171 3373 205 3420 12
226 3365 385 3438 ἀ<γων>Β
460 3371 493 3419 13
517 3363 691 3439 σφετέρο<νσ
710 3365 858 3441 ἔσωοε>Β
932 3371 966 3420 14
989 3365 1117 3421 κωλύσαν

98 3492 121 3544 Β
194 3496 229 3546 21
249 3489 455 3560 καταχεόμενος
472 3491 496 3544 Β
514 3458 758 3561 καταχεόμενοςῦ
831 3497 865 3546 26
885 3493 1041 3561 σερουίκιος
1060 3491 1082 3545 Β

1240 3543 1260 3647 λ
