2508 3882
524 221 692 272 -H-
1049 217 1115 285 203

45 378 226 462 ιθιεὴδονήν
248 403 323 446 τινα
347 379 588 467 ἐκαρπωσάμην
610 380 631 464 ῆ
655 383 761 467 μήτηρ
785 379 850 465 ἐγὼ
882 383 938 447 διὰ
962 379 1015 461 σάς
1043 386 1117 448 τότε

101 482 160 570 μὲν
179 480 300 552 οὖντά
324 487 465 571 μάλιστα
487 487 634 572 ἠτύχουν
652 489 798 565 στάσεως
819 494 989 573 πολιτικῆς
1011 487 1116 574 μέσον

100 592 210 678 δρῶσά
234 609 270 658 σε
293 597 458 678 κείμενον.
504 593 541 660 ἐν
564 585 616 671 οἷς
637 595 701 679 γὰρ
724 594 846 661 ἀνθεῖν
868 593 995 672 ἐδόκεις
1022 600 1116 660 πολι-

100 698 237 783 τεύμασι
255 696 311 764 καλ
328 702 433 777 πολὺς
451 701 561 777 ἔπνεις
583 699 838 784 ἐναντιούμενος
859 694 943 786 ὑπὲρ
967 708 1024 784 τῆς
1044 699 1115 786 άρι-

101 808 293 890 στοιιρατίας
319 817 389 883 τοῖς
417 809 623 891 δημοτικοῖς,
650 803 741 874 ταῦτ’
773 804 847 891 ἐμοὶ
874 808 985 890 φόβου
1012 807 1115 890 μεστά
1141 826 1155 868 τ

100 905 140 996 ἦν
163 910 401 999 ἐνθυμουμένῃ
424 915 484 979 τὸν
502 910 719 998 ἀνθρώπινον
742 915 830 998 βίον,
853 911 898 988 δις
922 909 974 977 ἐπὶ
996 921 1116 998 μικρᾶς

100 1019 267 1104 αἰωρεῖται
294 1018 409 1104 ῥοπῆς,
441 1016 496 1084 καλ
524 1018 560 1083 ἐκ
588 1022 722 1084 πολλῶν
750 1017 969 1103 ἀκουσμάτων
996 1041 1031 1084 τε
1058 1016 1114 1084 καὶ
1159 1057 1171 1078 ε

99 1125 304 1210 παθημάτων
323 1105 494 1212 μαθούσῃ,
518 1124 568 1191 ὅτι
590 1137 660 1202 τοῖς
681 1124 853 1210 ἐπισήμοις
870 1124 1014 1211 ἀνδράσι
1035 1127 1114 1190 θεία

99 1254 146 1307 τις
168 1229 377 1297 ἐναντιοῦται
401 1228 532 1315 νέμεσις
554 1230 574 1315 ῆ
597 1235 728 1317 φθόνος
748 1255 797 1310 τις
820 1231 1033 1315 ἀνθρώπινος
1055 1252 1114 1297 πο-

99 1339 200 1420 λεμεῖ·
229 1334 284 1401 καὶ
312 1330 355 1420 ῆν
378 1337 442 1421 ἀρα
469 1337 586 1421 μάντις
616 1335 744 1421 ἀληθῆς
767 1337 812 1416 ὡς
834 1339 958 1422 μήποτε
982 1339 1113 1422 ὤφελον
1129 1358 1154 1398 ιο

99 1452 163 1506 τῶν
197 1439 440 1526 ἐκβησομένων.
495 1445 742 1527 κατηγωνίσατό
777 1440 810 1525 μ’
847 1437 910 1509 οὖν
942 1460 979 1508 σε
1010 1445 1115 1520 πολύς

99 1547 275 1633 ἐπιρράξας
297 1547 315 1614 ὁ
338 1551 506 1626 πολιτικὸς
533 1551 664 1635 φθόνος
691 1545 746 1614 καὶ
774 1545 965 1634 ἀνήρπασεν
993 1547 1029 1614 ἐκ
1055 1558 1114 1634 τῆς

97 1655 269 1739 πατρίδος·
297 1655 315 1720 ὁ
340 1651 378 1719 δὲ
406 1656 487 1740 μετὰ
509 1655 612 1721 ταῦτά
635 1679 701 1740 μου
724 1657 811 1739 βίος,
839 1656 871 1718 εί
892 1655 934 1738 δὴ
958 1652 1014 1719 καὶ
1036 1658 1114 1738 βίον

97 1760 199 1826 αὐτὸν
227 1760 282 1826 δεῖ
306 1765 435 1845 καλεῖν,
467 1759 524 1846 ἀφ’
555 1757 597 1827 οὗ
624 1785 664 1846 με
691 1760 881 1826 καταλιπὼν
909 1762 1032 1846 ἔρημον
1060 1759 1113 1827 ἐπὶ

96 1879 164 1944 τοῖς
185 1869 333 1944 παιδίοις
354 1869 483 1945 τούτοις
505 1863 668 1953 ἀπῆλθες,
699 1865 735 1933 έν
757 1867 864 1957 τούτῳ
888 1867 1111 1953 δεδαπάνηται
1127 1887 1152 1928 ιε

95 1983 139 2060 τῷ
163 1972 260 2062 ῥύπῳ
283 1972 338 2039 καὶ
362 1973 398 2039 ἐν
416 1986 486 2051 τοῖς
508 1979 686 2059 πενθίμοις
703 1975 837 2060 τρύχεσι
856 1975 994 2051 τούτοις.
1030 1973 1108 2040 ἀνθ’
1126 1979 1147 2042 2

41 2074 143 2146 ιειεῶν
166 2079 325 2146 ἁπάντων
353 2081 478 2166 ταύτην
504 2080 630 2148 ἀπαιτῶ
660 2098 697 2146 σε
725 2081 838 2167 χάριν,
868 2078 1035 2164 μηδέποτέ
1059 2097 1113 2147 σοι

97 2189 212 2272 βαρεῖα
234 2187 399 2272 γενομένη
422 2184 499 2272 μηδ’
526 2189 575 2265 είς
595 2190 654 2254 τὸν
677 2189 796 2253 λοιπὸν
815 2183 953 2270 ἐσομένη
977 2188 1112 2271 χρόνον,

96 2291 156 2370 ἕως
183 2291 226 2358 ἀν
256 2295 314 2377 ζῶ,
347 2294 566 2378 διαλλαγῆναι
593 2295 676 2379 πρὸς
702 2295 780 2369 τοὺς
807 2301 949 2357 σεαυτοῦ
975 2295 1112 2368 πολίτας

96 2399 158 2483 ῆδη
177 2394 258 2464 ποτὲ
276 2396 331 2464 καὶ
349 2400 542 2464 παύσασθαι
564 2401 623 2465 τὸν
646 2398 834 2483 ἀμείλικτον
858 2400 960 2482 χόλον
982 2397 1110 2482 φυλάσ-
1124 2417 1151 2458 ιο

97 2521 197 2570 σοντα
225 2505 307 2570 κατὰ
334 2513 391 2588 τῆς
414 2506 585 2590 πατρίδος·
612 2506 728 2570 κοινὸν
758 2502 889 2587 ἀγαθὸν
913 2500 1112 2589 ἀμφοτέροις

95 2611 174 2695 ἡμῖν
198 2609 337 2689 ἀξιοῦσα
355 2615 471 2696 λαβεῖν
488 2608 542 2676 καὶ
562 2610 624 2677 ούκ
643 2609 785 2694 ἐμαυτῆς
804 2611 892 2675 ίδιον
910 2611 1022 2694 μόνης.
1055 2613 1145 2679 σοί3
1252 2626 1253 2702 λ

96 2741 129 2782 τε
153 2719 233 2803 γάρ,
261 2715 320 2783 ἐὰν
347 2723 488 2803 πεισθῆς
513 2715 569 2782 καὶ
595 2714 705 2802 μηθὲν
733 2715 914 2802 ἀνήκεστον
942 2714 1112 2802 έξερνάση,
1212 2791 1221 2822 3

87 2819 249 2909 ’καθαρὰν
276 2821 331 2888 καὶ
359 2822 520 2908 ἀμίαντον
552 2826 639 2908 ἔχειν
672 2825 874 2908 συμβήσεται
906 2823 968 2906 τῆν
998 2824 1111 2910 ύυχῆν
1165 2803 1174 2841 ‘
1252 2805 1253 2880 δ

98 2927 159 2995 ἀπὸ
191 2931 316 3006 παντὸς
349 2932 452 3014 χόλου
486 2927 541 2994 καὶ
574 2930 781 3017 ταράγματος
813 2930 1004 3016 δαιμονίουζ
1038 2927 1114 3013 έμοί
1124 2947 1150 2988 ιι

98 3058 129 3100 τε
156 3036 176 3119 ῆ
200 3036 290 3122 παρὰ
317 3047 385 3100 τῶν
407 3040 553 3102 πολιτῶν
576 3059 610 3103 τε
636 3033 691 3101 καὶ
719 3037 901 3102 πολιτίδων
923 3036 1000 3119 τιμῆ
1025 3035 1109 3120 ζώση

98 3165 129 3206 τε
146 3147 456 3229 παρακολουθοῦσα
473 3141 575 3226 <τὸν>
594 3144 671 3227 βίον
689 3141 872 3226 εὐδαίμονα
889 3143 1031 3224 ποιήσει,
1054 3137 1110 3204 καὶ
1169 3125 1194 3150 ‘¹
1251 3131 1252 3164 ³

167 3340 182 3390 7
201 3354 230 3390 τε
249 3333 299 3388 καὶ
312 3332 492 3404 παθημάτων
511 3350 565 3389 om.
585 3335 609 3387 A
666 3340 698 3389 10
716 3332 887 3404 Ι*διμελονΟ
907 3333 937 3385 ει
955 3330 996 3385 sie
1014 3330 1109 3387 Kiess-

97 3402 156 3474 ling
174 3406 204 3460 et
220 3405 295 3461 Prou
369 3412 400 3459 11
421 3404 474 3476 γὰρ
494 3401 545 3460 οθν
563 3405 686 3460 Reudler
704 3404 794 3458 Ήτοο.
814 3404 874 3457 crit.
893 3408 952 3472 μῦ
1032 3410 1064 3458 13
1085 3401 1112 3458 εί

97 3476 145 3530 δεῖ
158 3475 219 3530 sine
237 3476 273 3546 δὴ
293 3476 315 3530 0
336 3477 450 3546 praeter
470 3477 492 3530 Β
565 3481 599 3530 27
617 3475 666 3529 τὸν
685 3474 749 3529 add.
768 3471 912 3542 Kiessling
