2538 3884
184 197 251 263 380
395 143 397 148 Ι
606 197 775 250 -Θ-

182 384 254 437 κιος
278 361 426 447 Φούριος
447 356 502 425 καί
525 353 638 435 Αὖλος
662 357 868 444 Οὐεργίνιος.
905 351 1001 441 ἦνδ
1030 358 1095 424 οὐκ
1118 357 1198 442 ἀγώ-

183 484 285 551 νισμα
312 475 392 531 πᾶσι
418 475 490 544 τοῖς
515 470 651 542 πολλοῖς
676 463 731 530 καί
754 462 874 549 πένησι
891 462 1062 549 Ῥωμαίων
1087 464 1109 548 ἡ
1132 466 1199 530 δια-

183 573 270 657 νομὴ
306 581 364 655 τῆς
399 572 507 659 χώρας
543 572 588 648 ὡς
624 568 906 656 ἀπελαυνομένοις
941 579 999 653 τῆς
1031 573 1200 658 πατρίδος,

185 679 309 763 ὀλίγων
331 675 359 743 τ’
383 675 672 765 ἀπογραψαμένων
695 676 788 755 έδοξε
806 685 845 763 τῇ
864 680 982 762 βουλῇ,
1006 675 1122 762 έπειδη
1142 678 1201 743 οὐκ

159 783 363 871 ιάξιόχρεως
385 779 428 868 ἦν
452 784 471 850 δ
494 783 690 868 ἀπόστολος,
713 781 885 870 ἐπιτρέψαι
907 785 1065 848 Λατίνων
1088 781 1200 848 τεκαὶ

178 889 342 977 Ἑρνίκων
368 900 438 966 τοῖς
464 888 683 974 βουλομένοις
709 898 767 974 τῆς
791 889 943 966 ἀποικίας
966 887 1126 975 μετέχειν.
1171 889 1204 954 οἰ
1247 894 1248 938 ί

183 992 246 1081 μέν
275 997 318 1081 δὴ
348 997 395 1073 εἰς
415 993 549 1061 ’Ἀντιον
575 993 815 1073 ἀποσταλέντες
841 993 1022 1079 κατένεμον
1048 996 1113 1077 τὴν
1142 1003 1201 1078 γῆν

184 1113 254 1178 τοῖς
280 1100 466 1188 σφετέροις,
494 1101 615 1185 μοῖράν
641 1125 717 1167 τινα
745 1093 908 1185 ε’ξαύτης
929 1111 1000 1178 τοῖς
1019 1097 1202 1176 Ἀντιάταις

149 1207 449 1292 3ὑπολειπόμενοι.
488 1205 525 1272 έν
549 1203 587 1272 δὲ
607 1215 654 1295 τῷ
678 1206 800 1293 μεταξύ
822 1210 933 1297 χρόνῳ
956 1210 1111 1290 στρατεία
1132 1217 1201 1272 τῶν

146 1339 173 1379 ιο
184 1312 320 1378 ὑπάτων
342 1309 539 1399 ἀμφοτέρων
559 1311 701 1399 ἐγένετο,
724 1315 883 1398 Αἰμιλίου
906 1309 967 1398 μὲν
986 1315 1035 1390 εἰς
1053 1313 1112 1396 τὴν
1132 1317 1200 1377 Σα-

185 1422 292 1505 βίνων
318 1420 446 1506 χώραν,
478 1421 609 1503 Φαβίου
638 1416 669 1484 δ’
696 1421 744 1497 εἰς
770 1420 832 1504 την
858 1423 1026 1486 Αἰκανῶν.
1071 1417 1129 1485 καὶ
1156 1427 1199 1506 τῷ

186 1523 247 1611 μὲν
274 1528 420 1615 Αἰμιλίῳ
451 1529 559 1592 πολὺν
592 1523 629 1592 ἐν
658 1535 698 1612 τῇ
727 1529 869 1614 πολεμίῳ
897 1529 1047 1611 μείναντι
1077 1528 1199 1612 χρόνον

185 1631 325 1716 οὐδεμία
355 1634 496 1716 δύναμις
523 1632 692 1716 ὑπήντησε
721 1630 912 1718 μαχουμένη
942 1629 1018 1718 περί
1046 1641 1105 1715 τῆς
1132 1640 1198 1716 γῆς,

185 1735 257 1803 ἀλλ’
284 1737 389 1815 ἀδεῶς
419 1739 524 1822 αὐτὴν
553 1741 680 1824 κείρας,
710 1737 825 1822 ἐπειδη
854 1745 1003 1822 καθῆκεν
1032 1738 1051 1804 ὁ
1081 1742 1248 1824 χρόνοςιοιι

146 1867 172 1908 ιε
186 1852 253 1907 τῶν
276 1840 507 1928 ἀρχαιρεσίων,
531 1844 636 1929 ἀπῆγε
658 1845 716 1922 τάς
739 1844 906 1929 δυνάμεις.
946 1848 1064 1934 Φαβίῳ
1088 1842 1119 1909 δ’
1141 1845 1197 1908 Αἰ-

185 1951 294 2032 κανοί,
316 1947 396 2034 πρὶν
419 1951 466 2027 εἰς
486 1947 636 2034 ἀνάγκην
655 1949 769 2016 ἐλθεῖν
788 1959 941 2036 στρατιᾶς
958 1953 1197 2036 διαφθαρείσης
1248 1973 1249 1982 ’

185 2055 206 2140 ἢ
229 2066 347 2141 τειχῶν
370 2054 613 2141 ἁλισκομένων,
641 2056 945 2142 ἐπεκηρυκεύσαντο
968 2056 1045 2143 περὶ
1069 2059 1197 2124 διαλλα-

150 2162 256 2244 4γῶν
283 2160 338 2227 καί
365 2165 486 2247 φιλίας.
532 2162 551 2228 ὁ
579 2159 610 2227 δ’
636 2163 760 2240 ὕπατος
787 2165 850 2230 δύο
877 2187 912 2229 τε
938 2175 1055 2248 μηνῶν
1077 2165 1196 2250 τροφάς

186 2275 225 2352 τῇ
249 2276 386 2354 στρατιᾷ
408 2266 464 2333 καί
488 2269 550 2334 δύο
573 2278 715 2354 χιτῶνας
737 2265 807 2335 κατ’
831 2270 939 2355 ἀνδρα
961 2269 1018 2335 καί
1038 2269 1196 2356 ἀργύριον

147 2375 234 2450 εοείς
261 2375 477 2458 ὀψωνιασμὸν
504 2372 669 2460 ἕξαμηυου
696 2373 752 2441 καί
780 2381 814 2441 εἰ
835 2400 868 2442 τι
895 2377 977 2443 ἀλλο
1004 2379 1197 2460 κατήπειγεν

186 2479 454 2566 εἰσπραξάμενος,
477 2479 600 2566 ἀνοχάς
623 2481 800 2564 έποιησατο
823 2484 906 2569 πρὸς
924 2482 1055 2566 αὐτούς,
1079 2482 1142 2560 ἕως
1159 2482 1197 2548 ἂν

186 2587 233 2663 εἰς
250 2584 376 2671 Ῥώμην
399 2586 595 2672 ἀφικόμενοι
617 2590 707 2671 παρὰ
730 2597 787 2672 τῆς
810 2593 934 2674 βουλῆς
957 2589 1122 2674 εὕρωνται
1143 2590 1197 2664 τάς

187 2692 365 2769 διαλύσεις.
400 2693 421 2776 ἡ
445 2691 559 2777 μέντοι
581 2695 688 2779 βουλὴ
711 2704 814 2761 ταῦτα
837 2701 993 2780 μαθοῦσα
1015 2704 1062 2784 τῳ
1083 2699 1196 2783 Φαβίῳ

186 2795 364 2884 ἐπέτρεψεν
391 2797 608 2886 αὐτοκράτορι
636 2801 861 2866 διαλύσασθαι
888 2803 971 2886 πρὸς
997 2803 1076 2878 τοὺς
1099 2803 1146 2866 Αἰ
1184 2839 1196 2849 -

260 3031 274 3080 1
294 3025 429 3096 φρούριος
446 3026 498 3079 ΑΒ
520 3029 524 3097 Ι
549 3028 626 3083 *ούκ
644 3028 721 3098 ἀγὼν
739 3037 826 3084 πᾶσιν
844 3029 916 3084 ἀλλά
933 3035 991 3092 τοῖς
1009 3030 1034 3084 Α
1053 3030 1106 3083 ούκ
1124 3028 1195 3098 ἀγὼν

185 3105 255 3152 πᾶσι
274 3100 308 3168 (λ)
327 3099 373 3153 vel
391 3104 461 3152 ῶᾶοι
478 3105 536 3161 τοῖς
554 3098 577 3152 Β
598 3101 650 3155 οάκ
669 3099 743 3170 ἀγαν
761 3099 888 3169 ἀσπαστὴ
907 3107 966 3163 τοῖς
984 3117 1007 3154 ο.
1021 3099 1126 3154 Reiske
1149 3101 1195 3153 οὐκ

186 3169 323 3224 ἀκούσασι
341 3167 450 3239 Kayser
467 3169 539 3225 Ann.
555 3170 625 3239 phil.
642 3177 710 3227 1868
729 3189 755 3240 p.
772 3177 823 3226 817
843 3172 895 3227 οἰκ
914 3172 1043 3241 ἀγαπῶσι
1061 3187 1084 3226 ο.
1104 3170 1196 3225 Kiess-

185 3240 248 3311 ling
265 3241 357 3297 locum
377 3239 619 3310 corruptissimum
637 3241 678 3296 sio
696 3242 845 3298 restituere
861 3248 978 3297 conatus
992 3259 1062 3310 sum,
1081 3243 1114 3296 ut
1128 3241 1196 3311 ἀγῶ-

186 3329 271 3382 νισμα
290 3312 440 3368 scriberem
502 3319 520 3366 4
539 3312 638 3382 ὀλίγον
656 3332 688 3383 γε
706 3313 752 3368 vel
771 3313 803 3368 δὲ
822 3331 845 3370 ο.
864 3313 969 3368 Reisko
1032 3317 1048 3366 ὅ
1068 3311 1084 3367 ὁ
1103 3329 1157 3368 om.
1176 3311 1195 3364 B

186 3389 202 3436 9
222 3382 338 3452 στρατιὰ
356 3383 432 3437 ΑΒω
450 3399 481 3436 στ
499 3385 580 3438 ατεία
599 3383 645 3437 Bb
718 3389 751 3438 13
775 3383 846 3456 ὑπὲρ
864 3391 914 3453 τῆς
931 3392 982 3454 γῆς
999 3383 1124 3438 Reudler
1143 3383 1195 3437 Tir.

187 3451 248 3506 crit.
267 3469 295 3518 p.
315 3457 347 3505 61
423 3459 455 3508 17
480 3402 707 3525 έπεκηρύκευσαν
724 3454 756 3508 Β
