2538 3884
169 231 235 296 310
592 231 760 284 -Θ-

234 391 321 456 XXI.
356 395 402 477 Ίζῆ
427 388 457 456 δ’
477 389 550 476 ἑξῆς
567 389 673 478 ἡμέρῳ
692 394 856 476 μαθόντες
873 392 935 474 τὴν
952 399 1249 474 κατασχοῦσαυιιοε

167 502 246 576 τοὺς
268 496 448 584 σφετέρους
472 499 575 584 τύχην
599 499 634 563 οί
653 495 845 582 κατέχοντες
867 499 904 562 τὸ
927 497 1107 582 φρούριον,
1132 495 1189 560 καὶ

171 606 221 672 ὅτι
244 607 282 672 τὸ
304 601 366 689 μὲν
384 609 501 670 πλείου
520 603 669 670 ἀπόλωλε
689 613 747 688 τῆς
767 613 921 689 στρατιᾶς
940 601 1039 688 μέρος
1058 602 1096 668 ἐν
1115 614 1190 679 ταῖς

170 710 342 797 ἁρπαγαῖς,
365 713 402 778 τὸ
426 707 464 776 δέ
487 711 662 797 κράτιστον
686 709 723 776 έν
747 713 818 797 όρει
840 714 1064 793 πολιορκεῖται
1088 733 1190 774 κατα-

144 814 403 902 εκεκλεισμένον
427 816 550 906 ἐρήμῳ,
572 815 627 883 καὶ
650 819 683 882 εί
702 817 747 901 μὴ
771 817 885 901 ταχεῖά
907 839 957 893 τις
980 815 1094 892 αὐτοῖς
1116 815 1189 899 ἥξει

168 927 320 1009 βοήθεια,
344 924 461 989 σπάνει
484 933 551 989 τῶν
574 922 763 1007 ἀναγκαίων
785 922 978 1007 φθάσουσιν
996 920 1189 1006 ἐξαιρεθέν-

168 1055 232 1114 τες,
250 1027 391 1116 ,ἐξῄεσαν
414 1032 496 1096 κατά
519 1031 670 1114 σπουδὴν
693 1029 827 1114 ὀλίγους
844 1029 933 1094 πάνυ
951 1031 1191 1105 καταλιπόντες

169 1135 206 1200 έν
238 1145 283 1224 τῳ
316 1141 466 1225 φρουρίῳ
499 1138 655 1221 φύλακας.
705 1133 761 1200 καί
793 1135 914 1212 αὐτοὺς
940 1136 977 1200 οί
1006 1139 1189 1220 Τυρρηνοί,

169 1238 248 1326 πρὶν
267 1239 288 1324 ἢ
308 1241 465 1326 συμμίξαι
488 1252 558 1320 τοῖς
579 1239 702 1328 ἑτέροις
725 1241 1045 1326 ἐπικαταδραμόντες
1063 1241 1102 1306 ἐκ
1119 1253 1190 1306 τῶν

130 1369 155 1408 ιο
169 1351 302 1433 χωρίων
329 1353 533 1415 κυκλοῦνταί
552 1372 603 1434 τε,
630 1347 685 1414 καὶ
712 1349 818 1414 πολλά
841 1358 978 1430 γενναῖα
1000 1350 1082 1432 ἔργα
1106 1347 1189 1413 ἀπο-

133 1453 383 1540 2δειξαμένους
406 1457 665 1540 διαφθείρουσιν
689 1456 835 1532 ἅπαντας
858 1457 921 1520 σὺν
944 1457 1063 1543 χρόνῳ.
1112 1452 1184 1538 μετ’

171 1561 212 1626 οὐ
239 1566 325 1628 πολὺ
349 1559 386 1627 δὲ
408 1559 464 1627 καὶ
487 1563 523 1628 οί
543 1564 603 1628 τὸν
626 1565 733 1647 λόφον
755 1563 1017 1645 καταλαβόμενοι
1040 1566 1128 1649 λιμῷ
1154 1585 1189 1626 τε

170 1665 224 1733 καὶ
244 1670 326 1754 δίψη
344 1672 529 1753 πιεζόμενοι
549 1670 648 1753 ὁμόσε
667 1679 787 1754 χωρεῖν
807 1678 876 1744 τοϊς
894 1670 1064 1750 πολεμίοις
1083 1668 1188 1748 ἐγνω-

171 1790 248 1839 σαν’
271 1773 326 1839 καὶ
349 1779 572 1858 συμπεσόντες
594 1774 701 1857 ὀλίγοι
723 1777 807 1859 πρὸς
828 1776 973 1850 πολλοὺς
995 1772 1114 1838 ἕωθεν
1127 1771 1188 1859 ἀρ-

131 1897 156 1939 ιι
171 1879 306 1963 ξάμενοι
325 1877 419 1964 μέχρι
437 1883 557 1957 νυκτὸς
575 1879 748 1965 ἐμάχοντο·
772 1877 827 1944 καὶ
845 1887 1009 1944 τοσοῦτον,
1025 1877 1188 1962 ἐποίησαν

169 1995 236 2051 τῶν
263 1987 431 2070 πολεμίων
455 1990 578 2071 φόνον,
608 1987 690 2053 ὥστε
713 1987 791 2062 τοὺς
814 1988 944 2070 σωροὺς
965 1995 1033 2050 τῶν
1056 1997 1188 2070 νεκρῶν

170 2091 325 2176 ἐμποδὼν
352 2091 466 2169 αὐτοῖς
488 2087 575 2157 εἶναι
597 2101 655 2176 τῆς
678 2092 782 2176 μάχης
803 2095 951 2176 πολλαχῇ
974 2089 1187 2176 κεχυμένους.

170 2200 206 2265 οί
227 2195 264 2264 δὲ
287 2195 453 2285 Ίυρρηνοὶ
475 2203 591 2264 πλεῖον
610 2197 630 2280 ἣ
649 2200 687 2264 τὸ
707 2201 820 2282 τρίτον
837 2205 895 2281 τῆς
914 2205 1067 2281 στρατιᾶς
1085 2195 1252 2282 μέροςιιεο

80 2376 82 2380 ,
170 2305 413 2383 ἀπολωλεκότες
440 2303 495 2371 καὶ
522 2302 597 2390 περὶ
625 2313 685 2370 τοῦ
713 2309 832 2370 λοιποῦ
856 2305 1036 2387 δείσαντες,
1064 2305 1188 2388 μικρὸν

129 2430 156 2470 20
171 2413 369 2498 ἀνασχόντες
400 2412 441 2475 τά
474 2411 559 2476 ὅπλα
593 2412 648 2477 διὰ
677 2420 745 2482 τῶν
772 2409 999 2493 ἀνακλητικῶν
1027 2407 1189 2494 ἐπεκηρυ-

170 2521 307 2586 κεύοντο
326 2521 408 2605 πρὸς
422 2521 500 2595 τοὺς
514 2519 649 2602 ἀνδρας,
668 2518 784 2582 άδειαν
798 2515 911 2592 αὐτοῖς
924 2515 1189 2600 ὑπισχνούμενοι

170 2625 226 2691 καὶ
254 2626 387 2709 δίοδον,
414 2623 472 2690 ἐὰν
495 2626 535 2689 τά
558 2624 643 2689 ὅπλα
666 2622 858 2688 ἀποθῶνται
880 2619 936 2686 καὶ
958 2623 995 2686 τὸ
1018 2621 1189 2706 φρούριον

135 2729 359 2796 3ἐκλίπωσιν.
414 2729 455 2795 οὐ
486 2727 762 2816 προσδεξαμένων
794 2723 832 2792 δέ
863 2738 930 2792 τῶν
962 2727 1097 2813 ἀνδρῶν
1130 2729 1191 2805 τὰς

172 2837 387 2919 προκλήσεις,
423 2835 507 2902 ἀλλὰ
543 2839 603 2902 τὸν
639 2836 757 2919 εὐγενῆ
794 2834 944 2900 θάνατον
976 2832 1191 2920 αἱρουμένων

132 2959 157 2999 25
172 2937 316 3028 ἐπῄεσαν
340 2942 451 3018 αὐτοῖς
474 2937 575 3020 αὖθις
596 2942 632 3008 ἐκ
655 2944 827 3026 διαδοχῆς,
855 2940 1023 3024 συστάδην
1046 2936 1110 3024 μὲν
1132 2938 1191 3006 καὶ

171 3047 207 3114 ἐκ
235 3050 343 3134 χειρὸς
370 3045 480 3112 οὐκέτι
509 3051 704 3133 μαχόμενοι,
735 3051 913 3132 πρόσωθεν
942 3043 980 3110 δὲ
1008 3046 1192 3131 βάλλοντες

172 3155 293 3244 ἀθρόοι
317 3158 452 3240 λόγχαις
474 3151 529 3219 καὶ
551 3153 702 3239 χερμάσι,
725 3151 780 3218 καὶ
803 3148 846 3237 ἦν
868 3161 991 3241 νιφετῷ
1015 3155 1190 3238 παραπλη-

243 3357 259 3404 4
278 3343 529 3418 κατακεκλειμένον
548 3346 570 3399 Β
635 3351 650 3398 ὅ
670 3343 731 3415 ἥξει
749 3346 854 3414 AOmg
872 3343 950 3398 ἐσται
967 3343 991 3396 Β
1011 3360 1065 3397 om.
1085 3341 1106 3396 C
1174 3350 1190 3397 6

172 3415 409 3507 ἐξόαι>ρεθέντες
430 3419 449 3472 Β
558 3423 573 3472 8
597 3419 687 3490 χωρίῳ
708 3417 731 3471 0
751 3418 876 3489 φρουρίῳ
896 3416 971 3483 Cmg
994 3417 1024 3468 et
1041 3413 1191 3484 Kiessling

172 3495 188 3542 9
209 3493 329 3558 εταίροις
346 3489 372 3542 A
444 3495 479 3544 24
497 3486 714 3562 <αί>ρονμένωυ
732 3487 755 3540 Β
827 3495 862 3542 26
885 3481 916 3540 ἐκ
936 3493 1036 3556 χειρῶν
1054 3485 1081 3538 Α
