2496 3878
530 258 692 307 -z-
965 252 1117 317 οι

92 439 207 499 μενος.
246 414 391 499 ἐδήλωσε
416 413 454 482 δὲ
473 417 533 500 τὴν
551 413 741 503 ὑπερβολὴν
759 424 816 500 τῆς
835 423 1008 502 συμφορᾶς
1026 413 1156 492 πόλιςὸ

92 520 265 606 ἐπιφανὴς
294 531 363 592 τῶν
398 522 638 607 Οὐολούσκων,
672 519 850 608 Οὐέλιτραι
881 524 988 606 ὄνομα
1024 521 1121 606 αὐτῇ,

92 629 226 712 μεγάλη
245 650 281 692 τε
304 624 360 692 καλ
382 627 650 713 πολυάνθρωπος
674 622 758 695 ούσα
780 627 876 712 τέως,
900 623 940 711 ἧς
963 628 982 695 δ
1005 629 1120 712 λοιμὸς

23 737 180 818 1341μίαν
209 734 403 800 ὑπελείπετο
431 745 553 820 μοῖραν
581 734 617 800 ἐκ
648 745 715 801 τῶν
743 734 839 818 δίκα,
870 735 928 812 τὰς
956 731 987 799 δ’
1018 736 1121 812 ἀλλας

91 842 281 925 ὑπολαβὼν
301 840 475 925 ἀπήνεγκε.
510 845 728 919 τελευτῶντες
743 835 775 908 δ’
792 835 855 906 οὗν
870 841 943 906 ὅσοι
957 850 1118 925 περιῆσαν
1147 862 1161 903 ι

93 947 132 1012 ἐκ
161 955 224 1030 τῆς
257 956 431 1032 συμφορᾶς
462 947 745 1033 πρεσβευσάμενοι
768 943 940 1032 Ῥωμαίοις
972 948 1120 1033 ἔφρασαν

94 1055 158 1137 την
186 1053 328 1138 ἐρημίαν
351 1051 407 1118 καί
429 1054 618 1140 παρέδοσαν
639 1055 701 1138 τὴν
719 1057 828 1120 πόλιν.
865 1056 982 1139 ἐτυχον
1006 1048 1043 1117 δὲ
1065 1050 1121 1119 καί

92 1163 266 1246 πρότερον
296 1157 449 1236 ἐποίκους
481 1158 516 1225 ἐκ
545 1169 603 1244 τῆς
625 1157 750 1244 Ῥώμης
777 1161 965 1246 εἰληφότες,
993 1154 1050 1244 ἀφ’
1081 1153 1121 1241 ἧς

93 1267 209 1342 αἰτίας
231 1263 287 1330 καὶ
310 1267 348 1331 τὸ
372 1266 529 1351 δεύτερον
553 1269 657 1348 [τοὺς]
682 1266 888 1352 κληρούχους
909 1261 987 1350 παρ’
1010 1264 1120 1330 αὐτῶν

91 1371 216 1458 ᾔτουν.
607 1430 613 1442 ,
710 1455 714 1462 Ι
1134 1391 1161 1430 ¹⁰

165 1477 264 1542 XIII.
301 1481 410 1545 Ταῦτα
433 1490 502 1555 τοῖς
520 1473 691 1562 Ῥωμαίοις
709 1484 858 1563 μαθοῦσι
877 1485 936 1561 τῆς
954 1473 1015 1562 μὲν
1038 1492 1121 1560 συμ-

95 1593 212 1669 φορᾶς
230 1578 339 1661 οἰκτος
357 1580 473 1670 εἰσῄει,
491 1581 547 1649 καί
566 1580 668 1649 ούδέν
684 1582 791 1672 η’όοντο
812 1585 884 1650 δεῖν
902 1593 971 1660 τοῖς
985 1581 1121 1668 ἐχθροῖς

1 1775 2 1782 χ
94 1690 151 1756 ἐπὶ
177 1692 348 1767 τοιαύταις
369 1690 482 1776 τύχαις
500 1701 727 1776 μνησικακεῖν,
751 1690 796 1767 ὡς
819 1690 934 1767 ἰκανάς
959 1690 1120 1754 δεδωκόσι

94 1809 169 1874 τοῖς
195 1803 290 1874 θεοῖς
311 1792 394 1882 ὑπὲρ
415 1808 509 1882 σφῶν
528 1798 623 1872 δίκας
642 1792 718 1860 ἀνθ’
744 1790 791 1861 ὧν
810 1797 949 1880 ἐμελλον
969 1796 1119 1883 δράσειν·

97 1905 286 1989 Οὐελίτρας
302 1911 304 1915 ‘
318 1900 356 1968 δὲ
386 1903 658 1989 παραλαμβάνειν
691 1901 800 1968 ἐδόκει
832 1903 1027 1988 κληρούχων
1046 1902 1121 1968 ,οὐκ
1134 1922 1161 1963 ιι

95 2010 228 2093 ὀλίγων
252 2009 417 2094 ἀποστολῇ
440 2009 546 2075 πολλά
570 2009 610 2072 τά
634 2006 846 2096 συμφέροντα
870 2007 905 2073 ἐκ
933 2018 994 2074 τοῦ
1016 2008 1121 2091 πράγ-

95 2140 205 2200 ματος
229 2113 515 2199 ἐπιλογιζομένοις.
552 2118 589 2180 τό
614 2138 649 2179 τε
668 2115 730 2200 γάρ
750 2117 872 2200 χωρίον
897 2113 1012 2180 ἰκανὸν
1034 2108 1156 2183 εἰναι2

97 2221 258 2308 ἐφαίνετο
280 2224 411 2306 φυλακῇ
429 2219 587 2309 ἀξιόχρεῳ
605 2217 820 2306 καταληφθὲν
840 2212 890 2296 οἷς
909 2219 950 2286 ἀν
968 2223 1142 2306 νεωτερί-·

99 2331 167 2406 ζειν
194 2327 214 2411 ἢ
238 2338 432 2413 παρακινεῖν
455 2351 486 2392 τι
509 2326 728 2411 βουλομένοις
756 2319 777 2413 ἦ
801 2324 884 2410 μίγα
905 2328 1042 2408 κώλυμα
1064 2323 1120 2389 καὶ

35 2433 266 2518 Ῑεεεέμπόδιον
294 2429 391 2498 εἰναι·
420 2434 441 2516 ἥ
463 2430 493 2497 τ’
520 2433 642 2518 ἀπορία
669 2441 726 2515 τῆς
748 2442 872 2518 τροφῆς
895 2431 915 2514 ἡ
938 2429 1119 2516 κατέχουσα
1133 2453 1160 2492 εο

97 2541 161 2625 τὴν
201 2542 301 2604 πόλιν
338 2539 378 2605 ού
414 2535 492 2625 παρ’
528 2539 643 2622 ὀλίγον
681 2535 881 2624 μετριωτέρα
918 2540 1121 2621 γενησεσθαι

99 2645 331 2730 ὑπωπτεύετο,
358 2647 390 2710 εἰ
411 2649 586 2730 μετασταίη
611 2668 661 2721 τις
688 2644 721 2722 ἐξ
745 2644 847 2728 αὐτῆς
869 2643 933 2710 ἀπὸ
956 2654 1016 2710 τοῦ
1039 2646 1121 2728 πλη-

98 2759 189 2830 θους
211 2763 313 2837 μοῖρα
335 2749 516 2834 ἀξιόλογος.
554 2751 694 2836 μάλιστα
718 2748 748 2815 δ’
771 2750 792 2834 ἡ
817 2751 930 2828 στάσις
948 2749 1120 2838 ἀναρριπι-

101 2857 239 2944 ζομένη,
266 2855 348 2943 πρὶν
374 2856 395 2940 ἣ
422 2859 614 2924 πεπαῦσθαι
647 2863 754 2935 καλῶς
782 2860 830 2922 ἐτι
857 2858 919 2941 τὴν
944 2854 1120 2943 προτέραν,

101 2965 223 3049 ἐνῆγεν
247 2963 368 3039 αὐτοὺς
389 2966 592 3048 ψηφίζεσθαι
614 2965 674 3029 τὸν
697 2963 890 3030 ἀπόστολον.
920 2964 1021 3029 πάλιν
1043 2942 1159 3056 γάρ,ζί6

102 3073 214 3156 ὥσπερ
239 3067 491 3156 καὶπρότερον,
514 3071 532 3136 ὁ
556 3071 662 3155 δῆμος
683 3069 854 3170 ἠρεθίζετο
872 3068 928 3135 καί
947 3067 991 3134 δι’
1018 3071 1119 3156 ὀργῆς
1202 3113 1204 3118 ,

175 3234 192 3279 2
214 3223 343 3293 Ούὲντρα
360 3224 386 3277 Α
415 3223 597 3300 Οἰιὲντρ<αι>
619 3225 666 3279 Bb
695 3243 779 3296 saepe
870 3224 1046 3294 δάπήνεγκε
1069 3225 1119 3279 καί

100 3302 284 3358 τελευτῶντες
303 3293 332 3349 δ’
354 3292 404 3350 οὖν
422 3296 448 3349 Α
464 3302 480 3359 ·Ι
506 3296 534 3350 δ’
556 3297 609 3352 del.
629 3295 733 3352 Reiske
823 3304 839 3352 9
858 3298 923 3359 τοὺς
941 3296 995 3349 del.
1014 3295 1118 3349 Reieke

102 3375 133 3423 12
154 3367 206 3423 καί
223 3368 257 3421 ού
277 3368 338 3420 δεῖν
357 3363 444 3438 ᾤοντο
463 3367 542 3421 ABc
561 3367 610 3422 καί
629 3367 714 3423 οὐδὲν
733 3365 762 3440 ᾤ.
783 3367 865 3437 Omg.
885 3384 953 3421 corr.
973 3365 1117 3433 Kiessling

103 3445 134 3494 15
154 3436 372 3509 ἀναλαμβάνειν
391 3454 413 3492 ο.
433 3438 536 3492 Reiske
609 3443 641 3491 19
660 3431 691 3510 ᾖ]
711 3436 728 3505 ἢ
748 3439 800 3491 ΑΒ
873 3442 906 3490 22
926 3435 1117 3508 μεταστ<αι>η

101 3511 146 3564 Bb
222 3514 258 3562 24
277 3507 404 3578 πρινὴΒ
476 3514 510 3562 25
529 3510 578 3563 τδν
598 3508 695 3563 στόλον
714 3526 736 3564 ο.
755 3506 899 3574 Kiessling

654 3819 699 3854 s
