2508 3882
127 187 191 252 190
548 184 715 233 -H-

126 349 233 414 ἕωθεν
257 343 311 412 ἐπὶ
337 346 395 423 τὰς
424 346 530 422 πύλας
551 339 808 430 προπέμψοντας
830 339 981 420 ἐξιούσας
1003 339 1063 417 τάς
1086 363 1149 422 γν-

125 465 252 530 ναῑκας·
280 450 375 518 αὐτοὶ
403 448 440 517 δέ
467 459 536 517 τῶν
562 452 825 533 κατεπειγόντων
851 450 967 530 ἔλεγον
991 445 1150 531 ἐπιμεληε

126 567 255 626 σεσθαι.

192 664 394 732 ΧΧΧΧΙΠΙ.
427 662 504 730 Ὅτε
532 660 563 729 δ’
590 664 654 749 ἤδη
682 660 759 750 περὶ
785 664 844 729 τὸν
867 663 998 748 ὄρθρον
1021 655 1080 744 ἦν,
1110 659 1153 724 αδ

100 769 188 857 ιμὲν
210 782 365 855 γυναῖκες
387 773 528 855 άγουσαι
551 771 591 837 τά
613 770 730 836 παιδία
752 770 833 854 μετὰ
856 766 1040 852 λαμπάδων
1059 747 1148 849 ἦκού

62 895 80 918 ··
127 875 180 946 ἐπὶ
201 881 263 964 τὴν
281 880 391 945 οἰκίαν
409 874 465 944 καὶ
483 880 735 963 παραλαβοῦσαι
756 875 817 960 την
838 874 1044 959 Οὐετουρίαν
1061 891 1148 957 προ-

126 995 210 1070 ἦγον
233 983 285 1050 ἐπὶ
308 985 366 1062 τὰς
387 986 505 1060 πύλας·
533 983 569 1049 οί
590 979 621 1047 δ’
647 983 767 1049 ὕπατοι
791 981 887 1066 ζεύγη
911 1003 946 1046 τε
969 978 1064 1064 ὀρικὰ
1088 975 1148 1042 καὶ

127 1090 250 1175 ἁμάξας
267 1088 323 1155 καὶ
340 1085 443 1155 τάλλα
457 1099 576 1175 φορεῖα
595 1089 640 1166 ὡς
657 1094 793 1155 πλεῖστα
811 1083 1148 1173 παρασκευασάμενοι

126 1192 348 1279 καθεζομένας
366 1195 467 1274 αὐτάς
484 1196 702 1281 προύπεμπον
721 1196 796 1281 άχρι
817 1197 954 1260 πολλοῦ.
999 1211 1149 1276 παρηκο·

87 1325 114 1364 10
127 1301 277 1366 λούθουν
309 1297 338 1363 δ’
371 1299 486 1378 αὐταῖς
515 1302 551 1366 οἵ
575 1297 605 1365 τ’
633 1299 670 1366 ἐκ
698 1308 758 1367 τοῦ
786 1300 965 1385 συνεδρίου
993 1295 1149 1362 καὶτῶν

127 1409 237 1472 ἄλλων
267 1410 412 1472 πολιτῶν
442 1403 559 1492 συχνοὶ
588 1410 652 1473 σὺν
682 1408 793 1493 εὐχαῖς
823 1404 879 1472 καὶ
909 1403 1057 1482 ἐπαίνοις
1087 1400 1223 1470 καὶ1608

128 1517 258 1600 δεήσεσι
285 1514 346 1597 τὴν
375 1512 491 1593 ἔξοδον
520 1511 781 1599 ἐπιφανεστέραν
812 1513 927 1589 αὐταῖς
958 1519 1148 1587 ποιοῦντες.

91 1622 171 1698 θὼς
199 1615 230 1685 δ’
260 1619 459 1686 εὐσύνοπτοι
485 1622 663 1705 πόρρωθεν
694 1621 741 1683 ἔτι
772 1626 973 1704 προσιοῦσαι
1005 1627 1074 1693 τοῖς
1108 1614 1149 1680 ἐκ

127 1735 187 1792 τοῦ
209 1727 351 1814 χάρακος
374 1727 411 1790 αί
430 1735 585 1808 γυναῖκες
604 1722 770 1809 ἐγένοντο,
792 1721 911 1808 πέμπει
929 1734 997 1789 τῶν
1016 1720 1148 1788 ίππέων

88 1855 113 1895 15
127 1832 219 1908 τινάς
246 1832 264 1898 δ
291 1832 445 1917 Μάρκιος
471 1833 628 1909 κελεύσας
650 1837 788 1916 μαθεῖν,
815 1833 864 1908 τίς
887 1828 977 1895 ἐστιν
1001 1828 1018 1895 ό
1041 1843 1149 1914 προσ-

7 2000 14 2016 ,
128 1939 190 2003 ιὼν
222 1937 319 2024 ὐχλος
346 1935 382 2002 ἐκ
409 1945 466 2022 τῆς
492 1940 635 2021 πόλεως,
668 1935 724 2004 καὶ
752 1933 805 2002 ἐπὶ
832 1938 867 2000 τί
891 1933 1148 2022 παραγένοιντο.

128 2045 247 2129 μαθὼν
267 2039 304 2110 δὲ
321 2041 399 2130 παρ’
424 2043 546 2127 αὐτῶν,
566 2043 617 2108 ὅτι
630 2039 800 2127 Ῥωμαίων
818 2043 856 2107 αί
871 2051 1026 2125 γυναῖκες
1043 2041 1149 2124 ἥκον-

128 2170 183 2218 σιν
215 2149 415 2237 ἐπαγόμεναι
446 2152 583 2234 παιδία,
618 2160 809 2235 προηγεῖται
847 2146 877 2214 δ’
913 2149 1023 2214 αὐτῶν
1055 2147 1076 2231 ἥ
1110 2169 1147 2211 τε

128 2260 233 2345 μήτηρ
260 2256 316 2324 καὶ
342 2258 363 2342 ἡ
391 2259 476 2343 γυνη
504 2257 608 2323 αὐτοῦ
635 2254 690 2321 καὶ
717 2257 757 2322 τά
784 2253 900 2339 τέκνα,
926 2265 1058 2343 πρῶτον
1083 2249 1148 2338 μὲν

89 2387 115 2428 ιο
129 2363 297 2450 ἐθαύμασε
320 2374 377 2450 τῆς
398 2368 521 2450 τόλμης
543 2365 600 2442 τάς
623 2371 797 2447 γυναῖκας,
825 2365 857 2427 εί
883 2363 1021 2446 γνώμην
1044 2361 1147 2446 ἔσχον

128 2473 174 2550 είς
207 2472 334 2558 χάρακα
369 2475 537 2556 πολεμίων
569 2472 645 2554 άτερ
679 2469 812 2555 ἀνδρῶν
844 2473 996 2554 φυλακῆς
1028 2465 1147 2532 ἐλθεῖν

128 2579 269 2660 άγουσαι
296 2579 335 2643 τά
362 2577 476 2661 τέκνα,
511 2573 583 2644 οὔτ’
613 2577 729 2653 αίδοῦς
756 2577 804 2640 ἔτι
831 2583 888 2659 τῆς
916 2573 1147 2660 ἁρμοττούσης

128 2681 282 2765 γυναιξὶν
304 2680 496 2768 ἐλευθέραις
517 2679 573 2746 καὶ
596 2683 746 2767 σώφροσι
768 2681 1014 2767 προνοούμεναι
1036 2681 1074 2745 τὸ
1099 2680 1147 2762 μη

128 2785 166 2852 ἐν
188 2786 351 2872 ἀνδράσιν
374 2787 579 2870 ἀσυνήθεσιν
607 2789 768 2872 δρᾶσθαι,
796 2788 871 2853 οὐτε
894 2787 1063 2852 κινδύνων
1087 2790 1148 2851 λα-

90 2914 115 2956 εσ
128 2896 249 2977 βοῦσαι
273 2892 362 2977 δέος,
393 2893 452 2970 οὓς
474 2891 688 2978 ἀναρριπτεῖν
716 2895 871 2978 ἔμελλον,
899 2895 930 2958 εί
955 2893 994 2958 τά
1019 2889 1147 2976 συμφέ-

130 3021 231 3086 ροντα
253 3001 318 3085 πρὸ
341 3009 408 3064 τῶν
427 3001 565 3064 δικαίων
585 2996 753 3083 ἑλομένοις
771 3003 878 3084 σφίσι,
903 2998 1007 3078 δόξειε
1025 2995 1221 3084 κέρδος1609

200 3234 216 3282 6
235 3177 414 3302 παράδούοαι
433 3227 456 3280 Β
529 3233 545 3282 8
565 3229 680 3299 φορεῖα]
699 3232 800 3297 πορεία
814 3243 836 3280 c.
858 3225 947 3281 Cobet
967 3225 1033 3281 Oba.
1048 3244 1074 3294 p.
1092 3229 1144 3279 164

130 3305 163 3354 12
183 3297 277 3366 δεήσει
296 3299 318 3353 Ο
339 3297 450 3365 δεήσεσι
467 3297 572 3352 Reiske
645 3303 678 3354 13
699 3297 909 3372 <εὐ>σύνοπτοι
927 3297 949 3350 Β
967 3299 971 3367 1
990 3303 1144 3366 προιούσαι

129 3371 158 3422 εί
176 3387 202 3425 v.
223 3376 255 3424 15
274 3378 380 3441 προιῶν
399 3368 476 3422 ABb
548 3375 582 3424 23
601 3377 650 3423 τοῦ
669 3368 706 3439 μὴ
727 3369 846 3438 Sylburg
927 3373 962 3423 24
981 3366 1144 3440 άνδρα<σιν

129 3437 325 3510 ά>σννήθεσιν
344 3440 366 3492 Β
481 3495 483 3499 ,
