2484 3876
162 195 227 259 110
583 199 746 248 -Ζ-

159 373 260 438 μισαν
287 351 374 421 εἶναι
401 357 461 422 τὸν
488 355 553 423 ὑπὸ
576 367 637 423 τοῦ
665 363 751 423 θεοῦ
774 360 985 442 μηνυόμενον
1009 357 1180 443 ὀρχηστὴν

159 461 205 542 οὐΙ
223 464 336 528 καλόν.

89 563 120 634 Γ
224 567 322 632 LXX.
355 565 445 634 ’Favez
476 565 514 634 δὲ
546 570 628 635 κατὰ
659 579 758 636 τοῦτο
786 567 908 653 γέγονα
939 577 996 652 τῆς
1029 571 1181 652 ἱστορίας

158 675 195 740 τὸ
222 672 336 758 μέρος,
367 675 428 741 οὐκ
450 681 562 761 οίομαι
585 678 658 742 δεῖν
680 676 721 742 τὰ
743 673 820 761 περλ
842 677 903 759 τῆν
927 673 1046 761 έορτῆν
1069 673 1180 740 έπιτε-

132 781 304 864 ῡλοόμενα
322 777 379 846 ὑπ’
399 781 510 848 αὐτῶν
527 787 720 868 παρελθεῖν,
744 782 805 868 οὐχ
828 783 884 847 ἵνα
904 805 961 866 μοι
980 780 1178 868 χαριεστέρα

156 884 290 970 γένηται
312 890 507 972 προσθήκας
528 891 677 973 λαβοῦσα
697 889 875 972 θεατρικὰς
892 885 948 953 καὶ
971 890 1091 972 λόγους
1114 886 1178 952 ἀν-

155 991 361 1078 θηροτέρους
386 993 406 1077 η
437 995 603 1078 διήγησις,
635 991 708 1059 ἀλλ’
740 995 796 1060 ίνα
827 1005 894 1060 τών
921 993 1112 1076 ἀναγκαίων
1140 1016 1176 1056 τι

155 1101 357 1182 πιστώσηται
379 1100 592 1186 πραγμάτων,
615 1100 666 1165 ὅτι
688 1101 728 1166 τὰ
752 1093 988 1166 συνοικίσαντα
1007 1101 1090 1182 ἔθνη
1109 1100 1176 1183 τῆν

151 1201 320 1287 Ῥωμαίων
346 1209 445 1270 πόλιν
467 1202 643 1291 Ἑλληνικὰ
675 1201 718 1290 ῆν
744 1205 781 1272 ἐκ
807 1217 875 1273 τῶν
902 1205 1176 1291 ἐπιφανεστάτων

23 1277 85 1393 ηδ’
116 1329 142 1368 10
156 1308 393 1376 ἀποικισθέντα
416 1315 543 1396 τόπων,
572 1309 645 1378 ἀλλ’
672 1312 732 1398 οὐχ
756 1313 867 1398 ὥσπερ
890 1315 975 1378 ένιοι
998 1314 1175 1396 νομίζουσι

10 1369 92 1506 ’χῖδῗδ
121 1416 308 1502 λβάρβαρα
329 1415 385 1482 καὶ
407 1417 554 1484 ἀνέστια·
577 1418 769 1504 ὑπεσχόμην
788 1420 852 1505 γὰρ
871 1416 924 1484 έπὶ
943 1426 988 1506 τῷ
1009 1416 1094 1483 τέλει
1113 1426 1176 1502 τῆς

154 1524 285 1608 πρώτης
307 1534 452 1609 γραφῆς,
478 1524 520 1608 ῆν
547 1522 623 1610 περὶ
651 1535 712 1591 τοῦ
734 1522 853 1608 γένους
875 1524 986 1590 αὐτῶν
1009 1522 1175 1601 συνταξά-

155 1653 255 1712 μενος
290 1629 451 1714 έξέδωκα,
487 1634 618 1717 μυρίοις
653 1632 850 1714 βεβαιώσειν
886 1633 1073 1715 τεκμηρίοις
1108 1631 1231 1714 τῆν148

153 1736 333 1821 πρόθεσιν,
365 1739 427 1820 έθη
459 1735 514 1802 καὶ
543 1739 668 1822 νόμιμα
694 1733 751 1802 καὶ
778 1735 1018 1821 ἐπιτηδεύματα
1045 1737 1173 1800 παλαιὰ
1240 1789 1241 1820 ,

114 1857 140 1898 1⁵
153 1843 375 1926 παρεχόμενος
397 1843 520 1926 αὐτῶν,
543 1842 564 1908 δ
587 1841 682 1928 μέχρι
705 1853 765 1909 τοῦ
788 1841 857 1910 κατ’
883 1839 940 1927 ἐμὲ
963 1842 1173 1927 φυλάττουσι
1240 1895 1241 1924 ,

153 1950 289 2031 χρόνον,
312 1939 366 2013 οἶα
388 1950 476 2034 παρὰ
499 1960 566 2014 τῶν
588 1952 766 2032 προγόνων
789 1939 953 2028 ἐδέξαντο
982 1949 1044 2034 οὐχ
1067 1947 1173 2031 ῆγού-

153 2073 252 2134 μενος
270 2051 418 2138 ἀποχρῆν
436 2065 505 2131 τοῖς
523 2052 754 2139 ἀναγράφουσι
772 2056 830 2132 τὰς
848 2055 985 2141 ἀρχαίας
1002 2053 1058 2120 καὶ
1076 2074 1173 2120 τοπι-
1239 2109 1240 2112 ,

152 2157 211 2234 κάς
226 2158 382 2244 ίστορίας,
401 2160 446 2236 ὡς
458 2159 546 2245 παρὰ
564 2171 632 2226 τῶν
649 2158 834 2246 ἐπιχωρίων
852 2160 953 2238 αὐτὰς
966 2159 1172 2246 παρέλαβον,
1239 2239 1240 2248 ¹

153 2264 349 2343 ἀξιοπίστως
368 2267 528 2350 διελθεῖν,
550 2265 635 2331 ἀλλὰ
652 2264 708 2332 καὶ
726 2278 917 2351 μαρτυριῶν
936 2268 1088 2350 οίόμενος
1109 2266 1172 2330 αὐ·
1239 2312 1240 2331 ι

114 2398 140 2437 εο
154 2383 224 2448 ταῖς
238 2374 311 2436 δεῖν
324 2377 458 2442 πολλῶν
471 2371 528 2438 καὶ
542 2371 819 2455 δυσαντιλέκτων,
837 2375 869 2437 εί
881 2371 1040 2456 μέλλουσι
1053 2370 1170 2437 πισταὶ

118 2481 375 2562 3φανῆσεσθαι.
425 2477 462 2544 έν
498 2471 550 2555 αἷς
581 2490 693 2564 πρῶτα
724 2476 781 2543 καὶ
810 2480 997 2562 κυριώτατα
1032 2478 1171 2543 πάντων

153 2580 239 2648 εἶναι
261 2587 422 2667 πείθομαι
448 2583 489 2649 τὰ
516 2586 675 2668 γινόμενα
702 2580 779 2649 καθ’
807 2581 948 2667 ἑκάστην
970 2584 1069 2647 πόλιν
1091 2581 1171 2667 περὶ
1238 2613 1239 2676 η

1 2735 17 2741 -
136 2691 243 2764 ζθεών
261 2690 316 2753 καί
335 2687 677 2775 δαιμόνων>πατρίους
690 2690 885 2774 σεβασμούς.
915 2698 1017 2754 ταῦτα
1035 2688 1098 2774 γδιρ
1114 2686 1170 2752 ἐπὶ
1238 2679 1239 2696 ἶ

154 2795 314 2877 μήκιστον
337 2797 460 2878 χρόνον
484 2795 539 2858 διά
562 2799 711 2879 φυλακῆς
733 2798 800 2880 έχει
817 2790 934 2870 Ἑλλάς
955 2817 990 2858 τε
1012 2791 1069 2859 καὶ
1087 2795 1170 2878 βάρ-

111 2925 138 2966 εε
152 2904 254 2984 βαρος
276 2899 378 2984 χώρα,
400 2896 456 2964 καὶ
479 2896 584 2965 οὐθὲν
602 2898 691 2978 ἀξιοί
706 2910 916 2984 καινοτομεῖν
933 2901 982 2976 είς
999 2899 1082 2964 αὐτὰ
1100 2899 1169 2966 ὑπὸ

117 3008 307 3088 4δείματος
332 3003 538 3089 κρατουμένη
566 3006 759 3090 μηνιμάτων
786 3008 980 3090 δαιμονίων.
1024 3006 1170 3089 μάλιστα
1237 3003 1238 3026 ²

152 3108 189 3177 δὲ
211 3120 309 3177 τοῦτο
333 3114 542 3177 πεπόνθασιν
569 3112 605 3177 οί
628 3111 790 3198 βάρβαροι
818 3113 874 3177 διδ
902 3112 1026 3188 πολλὰς
1049 3114 1168 3194 αίτίας,

222 3308 248 3390 81
258 3300 464 3368 συνοικήσαντα
485 3304 529 3356 Bb
597 3309 632 3358 20
651 3303 712 3357 δεῖν
731 3304 826 3364 αὐτοῖς
839 3301 983 3371 Kiessling
1047 3311 1080 3390 32
1099 3304 1169 3366 τοὺς
1236 3375 1237 3386 η

151 3373 371 3511 χιχχχηενὸχηιὶ.
388 3380 463 3496 15023
482 3375 601 3442 πατρίου
620 3375 759 3445 σεβασμοῦ
775 3374 797 3426 Β
869 3378 903 3426 26
918 3393 1094 3444 κρατουμένη
1110 3373 1167 3429 del.
1236 3421 1237 3438 ,
