<?xml version="1.0" encoding="UTF-8"?>
<!DOCTYPE html PUBLIC "-//W3C//DTD XHTML 1.0 Transitional//EN"
    "http://www.w3.org/TR/xhtml1/DTD/xhtml1-transitional.dtd">
<html xmlns="http://www.w3.org/1999/xhtml" xml:lang="en" lang="en">
 <head>
  <title>
</title>
<meta http-equiv="Content-Type" content="text/html;charset=utf-8" />
  <meta name='ocr-system' content='tesseract 3.04.00' />
  <meta name='ocr-capabilities' content='ocr_page ocr_carea ocr_par ocr_line ocrx_word'/>
</head>
<body>
  <div class='ocr_page' id='page_1' title='image "./antiquitatumrom02jacogoog_0184.png"; bbox 0 0 2484 3876; ppageno 0'>
   <div class='ocr_carea' id='block_1_1' title="bbox 487 189 1081 256">
    <p class='ocr_par' dir='ltr' id='par_1_1' title="bbox 487 189 1081 256">
     <span class='ocr_line' id='line_1_1' title="bbox 487 189 1081 256; baseline -0.007 4"><span class='ocrx_word' id='word_1_1' title='bbox 487 193 656 243; x_wconf 79' lang='grc' dir='ltr'><strong><em>-Η-</em></strong></span> <span class='ocrx_word' id='word_1_2' title='bbox 1015 189 1081 256; x_wconf 78' lang='grc'><strong><em>165</em></strong></span> 
     </span>
    </p>
   </div>
   <div class='ocr_carea' id='block_1_2' title="bbox 19 347 1120 3200">
    <p class='ocr_par' dir='ltr' id='par_1_2' title="bbox 69 347 1080 756">
     <span class='ocr_line' id='line_1_2' title="bbox 69 347 1080 438; baseline 0.002 -22"><span class='ocrx_word' id='word_1_3' title='bbox 69 349 122 428; x_wconf 80' lang='grc' dir='ltr'><strong><em>νὺξ</em></strong></span> <span class='ocrx_word' id='word_1_4' title='bbox 147 355 303 436; x_wconf 80' lang='grc' dir='ltr'><strong><em>παρῆλθε</em></strong></span> <span class='ocrx_word' id='word_1_5' title='bbox 334 347 391 416; x_wconf 83' lang='grc' dir='ltr'><strong><em>καί</em></strong></span> <span class='ocrx_word' id='word_1_6' title='bbox 422 360 481 436; x_wconf 79' lang='grc' dir='ltr'><strong><em>της</em></strong></span> <span class='ocrx_word' id='word_1_7' title='bbox 508 349 665 436; x_wconf 75' lang='grc' dir='ltr'><strong><em>ἐπιούσης</em></strong></span> <span class='ocrx_word' id='word_1_8' title='bbox 694 349 818 438; x_wconf 77' lang='grc' dir='ltr'><strong><em>ἡμέρας</em></strong></span> <span class='ocrx_word' id='word_1_9' title='bbox 846 353 885 418; x_wconf 86' lang='grc' dir='ltr'><strong><em>τὸ</em></strong></span> <span class='ocrx_word' id='word_1_10' title='bbox 911 356 1080 436; x_wconf 85' lang='grc' dir='ltr'><strong><em>πλεῖστον,</em></strong></span> 
     </span>
     <span class='ocr_line' id='line_1_3' title="bbox 69 450 1080 545; baseline 0.003 -24"><span class='ocrx_word' id='word_1_11' title='bbox 69 455 117 522; x_wconf 79' lang='grc' dir='ltr'><strong><em>κοί</em></strong></span> <span class='ocrx_word' id='word_1_12' title='bbox 134 453 236 522; x_wconf 81' lang='grc' dir='ltr'><strong><em>οὐδέν</em></strong></span> <span class='ocrx_word' id='word_1_13' title='bbox 255 450 304 522; x_wconf 76' lang='grc' dir='ltr'><strong><em>διν</em></strong></span> <span class='ocrx_word' id='word_1_14' title='bbox 323 457 537 524; x_wconf 85' lang='grc' dir='ltr'><strong><em>ἐδεδοίκεσαν</em></strong></span> <span class='ocrx_word' id='word_1_15' title='bbox 555 455 694 541; x_wconf 78' lang='grc' dir='ltr'><strong><em>ἐγίνετο,</em></strong></span> <span class='ocrx_word' id='word_1_16' title='bbox 716 455 788 523; x_wconf 86' lang='grc' dir='ltr'><strong><em>ἀλλ’</em></strong></span> <span class='ocrx_word' id='word_1_17' title='bbox 811 460 928 544; x_wconf 80' lang='grc' dir='ltr'><strong><em>ἔμενεν</em></strong></span> <span class='ocrx_word' id='word_1_18' title='bbox 946 458 965 526; x_wconf 85' lang='grc' dir='ltr'><strong><em>δ</em></strong></span> <span class='ocrx_word' id='word_1_19' title='bbox 981 459 1080 545; x_wconf 85' lang='grc' dir='ltr'><strong><em>Μάρ-</em></strong></span> 
     </span>
     <span class='ocr_line' id='line_1_4' title="bbox 69 559 1080 652; baseline 0.002 -23"><span class='ocrx_word' id='word_1_20' title='bbox 69 587 132 640; x_wconf 99' lang='grc' dir='ltr'><strong><em>κιος</em></strong></span> <span class='ocrx_word' id='word_1_21' title='bbox 153 559 203 647; x_wconf 77' lang='grc' dir='ltr'><strong><em>ἐφ’</em></strong></span> <span class='ocrx_word' id='word_1_22' title='bbox 231 563 386 649; x_wconf 79' lang='grc' dir='ltr'><strong><em>ἡσυχίας,</em></strong></span> <span class='ocrx_word' id='word_1_23' title='bbox 408 563 619 650; x_wconf 75' lang='grc' dir='ltr'><strong><em>συνέδραμον</em></strong></span> <span class='ocrx_word' id='word_1_24' title='bbox 640 565 782 642; x_wconf 74' lang='grc' dir='ltr'><strong><em>ἅπαντες</em></strong></span> <span class='ocrx_word' id='word_1_25' title='bbox 798 565 846 642; x_wconf 87' lang='grc' dir='ltr'><strong><em>είς</em></strong></span> <span class='ocrx_word' id='word_1_26' title='bbox 867 566 929 650; x_wconf 78' lang='grc' dir='ltr'><strong><em>τὴν</em></strong></span> <span class='ocrx_word' id='word_1_27' title='bbox 952 563 1080 652; x_wconf 75' lang='grc' dir='ltr'><strong><em>ἀγορὰν</em></strong></span> 
     </span>
     <span class='ocr_line' id='line_1_5' title="bbox 70 667 1079 756; baseline 0.004 -22"><span class='ocrx_word' id='word_1_28' title='bbox 70 671 100 734; x_wconf 88' lang='grc' dir='ltr'><strong><em>οί</em></strong></span> <span class='ocrx_word' id='word_1_29' title='bbox 116 668 290 754; x_wconf 81' lang='grc' dir='ltr'><strong><em>δημοτικοί</em></strong></span> <span class='ocrx_word' id='word_1_30' title='bbox 312 667 369 735; x_wconf 79' lang='grc' dir='ltr'><strong><em>καί</em></strong></span> <span class='ocrx_word' id='word_1_31' title='bbox 391 671 471 747; x_wconf 82' lang='grc' dir='ltr'><strong><em>τούς</em></strong></span> <span class='ocrx_word' id='word_1_32' title='bbox 492 673 684 756; x_wconf 74' lang='grc' dir='ltr'><strong><em>πατρικίους</em></strong></span> <span class='ocrx_word' id='word_1_33' title='bbox 706 669 848 737; x_wconf 77' lang='grc' dir='ltr'><strong><em>ἐκάλουν</em></strong></span> <span class='ocrx_word' id='word_1_34' title='bbox 870 673 918 748; x_wconf 88' lang='grc' dir='ltr'><strong><em>είς</em></strong></span> <span class='ocrx_word' id='word_1_35' title='bbox 939 673 978 738; x_wconf 84' lang='grc' dir='ltr'><strong><em>τδ</em></strong></span> <span class='ocrx_word' id='word_1_36' title='bbox 1000 675 1079 756; x_wconf 88' lang='grc' dir='ltr'><strong><em>βου-</em></strong></span> 
     </span>
    </p>

    <p class='ocr_par' dir='ltr' id='par_1_3' title="bbox 19 772 1120 2664">
     <span class='ocr_line' id='line_1_6' title="bbox 19 772 1119 864; baseline -0.002 -24"><span class='ocrx_word' id='word_1_37' title='bbox 19 776 250 861; x_wconf 70' lang='grc' dir='ltr'><strong><em>ιιοιλεντῄριον,</em></strong></span> <span class='ocrx_word' id='word_1_38' title='bbox 282 772 338 840; x_wconf 80' lang='grc' dir='ltr'><strong><em>καὶ</em></strong></span> <span class='ocrx_word' id='word_1_39' title='bbox 370 777 402 840; x_wconf 91' lang='grc' dir='ltr'><strong><em>εί</em></strong></span> <span class='ocrx_word' id='word_1_40' title='bbox 430 777 475 860; x_wconf 74' lang='grc' dir='ltr'><strong><em>μη</em></strong></span> <span class='ocrx_word' id='word_1_41' title='bbox 502 777 790 861; x_wconf 76' lang='grc' dir='ltr'><strong><em>προβουλεύσουσι</em></strong></span> <span class='ocrx_word' id='word_1_42' title='bbox 818 785 863 864; x_wconf 76' lang='grc' dir='ltr'><strong><em>τςθ</em></strong></span> <span class='ocrx_word' id='word_1_43' title='bbox 892 774 991 862; x_wconf 80' lang='grc' dir='ltr'><strong><em>ἀνδρί</em></strong></span> <span class='ocrx_word' id='word_1_44' title='bbox 1017 778 1079 862; x_wconf 79' lang='grc' dir='ltr'><strong><em>τὴν</em></strong></span> <span class='ocrx_word' id='word_1_45' title='bbox 1105 797 1119 838; x_wconf 85' lang='grc' dir='ltr'><strong><em>ι</em></strong></span> 
     </span>
     <span class='ocr_line' id='line_1_7' title="bbox 68 880 1079 968; baseline 0 -21"><span class='ocrx_word' id='word_1_46' title='bbox 68 881 221 964; x_wconf 83' lang='grc' dir='ltr'><strong><em>κάθοδον,</em></strong></span> <span class='ocrx_word' id='word_1_47' title='bbox 240 881 337 947; x_wconf 81' lang='grc' dir='ltr'><strong><em>αὐτοὶ</em></strong></span> <span class='ocrx_word' id='word_1_48' title='bbox 354 884 601 966; x_wconf 77' lang='grc' dir='ltr'><strong><em>βουλεύσεσθαι</em></strong></span> <span class='ocrx_word' id='word_1_49' title='bbox 616 880 693 968; x_wconf 79' lang='grc' dir='ltr'><strong><em>περὶ</em></strong></span> <span class='ocrx_word' id='word_1_50' title='bbox 711 892 809 966; x_wconf 80' lang='grc' dir='ltr'><strong><em>σφῶν</em></strong></span> <span class='ocrx_word' id='word_1_51' title='bbox 822 881 933 948; x_wconf 80' lang='grc' dir='ltr'><strong><em>αὐτῶν</em></strong></span> <span class='ocrx_word' id='word_1_52' title='bbox 950 884 1079 968; x_wconf 80' lang='grc' dir='ltr'><strong><em>ἔφασαν</em></strong></span> 
     </span>
     <span class='ocr_line' id='line_1_8' title="bbox 68 987 1114 1074; baseline 0.004 -22"><span class='ocrx_word' id='word_1_53' title='bbox 68 989 107 1065; x_wconf 82' lang='grc' dir='ltr'><strong><em>ὡς</em></strong></span> <span class='ocrx_word' id='word_1_54' title='bbox 121 989 372 1073; x_wconf 90' lang='grc' dir='ltr'><strong><em>προδιδόμενοι.</em></strong></span> <span class='ocrx_word' id='word_1_55' title='bbox 408 991 482 1054; x_wconf 92' lang='grc' dir='ltr'><strong><em>τότε</em></strong></span> <span class='ocrx_word' id='word_1_56' title='bbox 502 989 544 1074; x_wconf 83' lang='grc' dir='ltr'><strong><em>δὴ</em></strong></span> <span class='ocrx_word' id='word_1_57' title='bbox 563 991 786 1067; x_wconf 75' lang='grc' dir='ltr'><strong><em>συνελθόντες</em></strong></span> <span class='ocrx_word' id='word_1_58' title='bbox 802 990 850 1064; x_wconf 90' lang='grc' dir='ltr'><strong><em>είς</em></strong></span> <span class='ocrx_word' id='word_1_59' title='bbox 870 987 932 1071; x_wconf 78' lang='grc' dir='ltr'><strong><em>τὴν</em></strong></span> <span class='ocrx_word' id='word_1_60' title='bbox 950 989 1114 1074; x_wconf 83' lang='grc' dir='ltr'><strong><em>βονλὴν4</em></strong></span> 
     </span>
     <span class='ocr_line' id='line_1_9' title="bbox 68 1094 1080 1181; baseline 0.002 -22"><span class='ocrx_word' id='word_1_61' title='bbox 68 1095 99 1159; x_wconf 89' lang='grc' dir='ltr'><strong><em>οί</em></strong></span> <span class='ocrx_word' id='word_1_62' title='bbox 115 1097 283 1180; x_wconf 79' lang='grc' dir='ltr'><strong><em>πατρίκιοι</em></strong></span> <span class='ocrx_word' id='word_1_63' title='bbox 300 1098 501 1180; x_wconf 70' lang='grc' dir='ltr'><strong><em>ψηφίζονται</em></strong></span> <span class='ocrx_word' id='word_1_64' title='bbox 519 1095 723 1181; x_wconf 85' lang='grc' dir='ltr'><strong><em>πρεσβευτὰς</em></strong></span> <span class='ocrx_word' id='word_1_65' title='bbox 739 1096 823 1180; x_wconf 90' lang='grc' dir='ltr'><strong><em>πρὸς</em></strong></span> <span class='ocrx_word' id='word_1_66' title='bbox 844 1095 904 1160; x_wconf 82' lang='grc' dir='ltr'><strong><em>τδν</em></strong></span> <span class='ocrx_word' id='word_1_67' title='bbox 921 1094 1080 1180; x_wconf 89' lang='grc' dir='ltr'><strong><em>Μάρκιον</em></strong></span> 
     </span>
     <span class='ocr_line' id='line_1_10' title="bbox 68 1199 1079 1287; baseline 0.002 -23"><span class='ocrx_word' id='word_1_68' title='bbox 68 1199 251 1266; x_wconf 81' lang='grc' dir='ltr'><strong><em>ἀποστεῖλαι</em></strong></span> <span class='ocrx_word' id='word_1_69' title='bbox 269 1199 367 1266; x_wconf 82' lang='grc' dir='ltr'><strong><em>πέντε</em></strong></span> <span class='ocrx_word' id='word_1_70' title='bbox 386 1201 512 1286; x_wconf 74' lang='grc' dir='ltr'><strong><em>ἄνδρας</em></strong></span> <span class='ocrx_word' id='word_1_71' title='bbox 530 1200 651 1267; x_wconf 78' lang='grc' dir='ltr'><strong><em>ἐκτῶν</em></strong></span> <span class='ocrx_word' id='word_1_72' title='bbox 668 1199 918 1287; x_wconf 77' lang='grc' dir='ltr'><strong><em>πρεσβυτάτων,</em></strong></span> <span class='ocrx_word' id='word_1_73' title='bbox 940 1200 1001 1278; x_wconf 75' lang='grc' dir='ltr'><strong><em>οὓς</em></strong></span> <span class='ocrx_word' id='word_1_74' title='bbox 1018 1201 1079 1286; x_wconf 87' lang='grc' dir='ltr'><strong><em>μά-</em></strong></span> 
     </span>
     <span class='ocr_line' id='line_1_11' title="bbox 68 1302 1120 1392; baseline 0 -21"><span class='ocrx_word' id='word_1_75' title='bbox 68 1304 139 1372; x_wconf 77' lang='grc' dir='ltr'><strong><em>λιστ’</em></strong></span> <span class='ocrx_word' id='word_1_76' title='bbox 167 1306 297 1383; x_wconf 76' lang='grc' dir='ltr'><strong><em>ἐκεῖνος</em></strong></span> <span class='ocrx_word' id='word_1_77' title='bbox 319 1307 495 1392; x_wconf 73' lang='grc' dir='ltr'><strong><em>ἠσπάζετο,</em></strong></span> <span class='ocrx_word' id='word_1_78' title='bbox 521 1305 598 1392; x_wconf 79' lang='grc' dir='ltr'><strong><em>περὶ</em></strong></span> <span class='ocrx_word' id='word_1_79' title='bbox 625 1305 810 1383; x_wconf 80' lang='grc' dir='ltr'><strong><em>διαλύσεώς</em></strong></span> <span class='ocrx_word' id='word_1_80' title='bbox 831 1328 867 1371; x_wconf 84' lang='grc' dir='ltr'><strong><em>τε</em></strong></span> <span class='ocrx_word' id='word_1_81' title='bbox 888 1302 944 1372; x_wconf 84' lang='grc' dir='ltr'><strong><em>καί</em></strong></span> <span class='ocrx_word' id='word_1_82' title='bbox 966 1311 1079 1392; x_wconf 80' lang='grc' dir='ltr'><strong><em>φιλίας</em></strong></span> <span class='ocrx_word' id='word_1_83' title='bbox 1094 1329 1120 1370; x_wconf 89' lang='grc' dir='ltr'><strong><em>ιο</em></strong></span> 
     </span>
     <span class='ocr_line' id='line_1_12' title="bbox 68 1409 1078 1499; baseline 0.002 -22"><span class='ocrx_word' id='word_1_84' title='bbox 68 1411 323 1498; x_wconf 76' lang='grc' dir='ltr'><strong><em>διαλεξομένους.</em></strong></span> <span class='ocrx_word' id='word_1_85' title='bbox 368 1409 454 1497; x_wconf 78' lang='grc' dir='ltr'><strong><em>ἦσαν</em></strong></span> <span class='ocrx_word' id='word_1_86' title='bbox 473 1411 504 1480; x_wconf 80' lang='grc' dir='ltr'><strong><em>δ’</em></strong></span> <span class='ocrx_word' id='word_1_87' title='bbox 528 1414 563 1479; x_wconf 90' lang='grc' dir='ltr'><strong><em>οί</em></strong></span> <span class='ocrx_word' id='word_1_88' title='bbox 578 1411 868 1499; x_wconf 70' lang='grc' dir='ltr'><strong><em>προχειρισθέντες</em></strong></span> <span class='ocrx_word' id='word_1_89' title='bbox 889 1409 946 1478; x_wconf 80' lang='grc' dir='ltr'><strong><em>ἀπ’</em></strong></span> <span class='ocrx_word' id='word_1_90' title='bbox 968 1413 1078 1479; x_wconf 81' lang='grc' dir='ltr'><strong><em>αὐτῶν</em></strong></span> 
     </span>
     <span class='ocr_line' id='line_1_13' title="bbox 68 1517 1079 1606; baseline 0.001 -23"><span class='ocrx_word' id='word_1_91' title='bbox 68 1521 179 1606; x_wconf 76' lang='grc' dir='ltr'><strong><em>ἄνδρες</em></strong></span> <span class='ocrx_word' id='word_1_92' title='bbox 202 1520 286 1604; x_wconf 74' lang='grc' dir='ltr'><strong><em>οἵδε,</em></strong></span> <span class='ocrx_word' id='word_1_93' title='bbox 314 1519 454 1606; x_wconf 89' lang='grc' dir='ltr'><strong><em>Μάρκος</em></strong></span> <span class='ocrx_word' id='word_1_94' title='bbox 475 1520 654 1604; x_wconf 78' lang='grc' dir='ltr'><strong><em>Μηνύκιος</em></strong></span> <span class='ocrx_word' id='word_1_95' title='bbox 675 1517 731 1585; x_wconf 83' lang='grc' dir='ltr'><strong><em>καί</em></strong></span> <span class='ocrx_word' id='word_1_96' title='bbox 754 1521 952 1602; x_wconf 86' lang='grc' dir='ltr'><strong><em>Πόστουμος</em></strong></span> <span class='ocrx_word' id='word_1_97' title='bbox 974 1521 1079 1602; x_wconf 85' lang='grc' dir='ltr'><strong><em>Κομί-</em></strong></span> 
     </span>
     <span class='ocr_line' id='line_1_14' title="bbox 69 1621 1079 1712; baseline 0 -22"><span class='ocrx_word' id='word_1_98' title='bbox 69 1649 131 1702; x_wconf 89' lang='grc' dir='ltr'><strong><em>νιος</em></strong></span> <span class='ocrx_word' id='word_1_99' title='bbox 156 1622 214 1691; x_wconf 80' lang='grc' dir='ltr'><strong><em>καλ</em></strong></span> <span class='ocrx_word' id='word_1_100' title='bbox 237 1629 386 1712; x_wconf 88' lang='grc' dir='ltr'><strong><em>Σπόριος</em></strong></span> <span class='ocrx_word' id='word_1_101' title='bbox 408 1626 556 1711; x_wconf 84' lang='grc' dir='ltr'><strong><em>Λάρκιος</em></strong></span> <span class='ocrx_word' id='word_1_102' title='bbox 582 1624 639 1692; x_wconf 81' lang='grc' dir='ltr'><strong><em>καί</em></strong></span> <span class='ocrx_word' id='word_1_103' title='bbox 661 1629 812 1702; x_wconf 88' lang='grc' dir='ltr'><strong><em>Πόπλιος</em></strong></span> <span class='ocrx_word' id='word_1_104' title='bbox 834 1624 998 1710; x_wconf 78' lang='grc' dir='ltr'><strong><em>Πινάριος</em></strong></span> <span class='ocrx_word' id='word_1_105' title='bbox 1023 1621 1079 1690; x_wconf 83' lang='grc' dir='ltr'><strong><em>καὶ</em></strong></span> 
     </span>
     <span class='ocr_line' id='line_1_15' title="bbox 68 1727 1115 1818; baseline 0.002 -21"><span class='ocrx_word' id='word_1_106' title='bbox 68 1735 204 1809; x_wconf 78' lang='grc' dir='ltr'><strong><em>Κόιντος</em></strong></span> <span class='ocrx_word' id='word_1_107' title='bbox 221 1735 413 1818; x_wconf 85' lang='grc' dir='ltr'><strong><em>Σολπίκιος,</em></strong></span> <span class='ocrx_word' id='word_1_108' title='bbox 430 1734 573 1810; x_wconf 74' lang='grc' dir='ltr'><strong><em>ἅπαντες</em></strong></span> <span class='ocrx_word' id='word_1_109' title='bbox 590 1733 755 1798; x_wconf 86' lang='grc' dir='ltr'><strong><em>ὑπατικοί.</em></strong></span> <span class='ocrx_word' id='word_1_110' title='bbox 800 1730 847 1808; x_wconf 81' lang='grc' dir='ltr'><strong><em>ὡς</em></strong></span> <span class='ocrx_word' id='word_1_111' title='bbox 865 1727 895 1797; x_wconf 88' lang='grc' dir='ltr'><strong><em>δ’</em></strong></span> <span class='ocrx_word' id='word_1_112' title='bbox 919 1728 1078 1816; x_wconf 85' lang='grc' dir='ltr'><strong><em>ἀφίκοντο</em></strong></span> <span class='ocrx_word' id='word_1_113' title='bbox 1093 1733 1115 1800; x_wconf 82' lang='grc'>5</span> 
     </span>
     <span class='ocr_line' id='line_1_16' title="bbox 68 1836 1119 1924; baseline -0.006 -21"><span class='ocrx_word' id='word_1_114' title='bbox 68 1836 115 1904; x_wconf 79' lang='grc' dir='ltr'><strong><em>ἐπὶ</em></strong></span> <span class='ocrx_word' id='word_1_115' title='bbox 135 1841 173 1904; x_wconf 85' lang='grc' dir='ltr'><strong><em>τὸ</em></strong></span> <span class='ocrx_word' id='word_1_116' title='bbox 203 1841 444 1924; x_wconf 86' lang='grc' dir='ltr'><strong><em>στρατόπεδον,</em></strong></span> <span class='ocrx_word' id='word_1_117' title='bbox 471 1836 527 1904; x_wconf 80' lang='grc' dir='ltr'><strong><em>καὶ</em></strong></span> <span class='ocrx_word' id='word_1_118' title='bbox 554 1841 642 1922; x_wconf 82' lang='grc' dir='ltr'><strong><em>ἔγνω</em></strong></span> <span class='ocrx_word' id='word_1_119' title='bbox 668 1840 730 1922; x_wconf 79' lang='grc' dir='ltr'><strong><em>τὴν</em></strong></span> <span class='ocrx_word' id='word_1_120' title='bbox 757 1840 944 1923; x_wconf 89' lang='grc' dir='ltr'><strong><em>παρουσίαν</em></strong></span> <span class='ocrx_word' id='word_1_121' title='bbox 967 1837 1078 1904; x_wconf 81' lang='grc' dir='ltr'><strong><em>αὐτῶν</em></strong></span> <span class='ocrx_word' id='word_1_122' title='bbox 1092 1857 1119 1898; x_wconf 80' lang='grc' dir='ltr'><strong><em>ιι</em></strong></span> 
     </span>
     <span class='ocr_line' id='line_1_17' title="bbox 68 1943 1080 2030; baseline 0 -20"><span class='ocrx_word' id='word_1_123' title='bbox 68 1944 262 2030; x_wconf 81' lang='grc' dir='ltr'><strong><em>δΜολρκιος,</em></strong></span> <span class='ocrx_word' id='word_1_124' title='bbox 284 1948 505 2029; x_wconf 78' lang='grc' dir='ltr'><strong><em>καθεζόμενος</em></strong></span> <span class='ocrx_word' id='word_1_125' title='bbox 527 1945 595 2029; x_wconf 77' lang='grc' dir='ltr'><strong><em>ἅμα</em></strong></span> <span class='ocrx_word' id='word_1_126' title='bbox 611 1955 682 2022; x_wconf 82' lang='grc' dir='ltr'><strong><em>τοῖς</em></strong></span> <span class='ocrx_word' id='word_1_127' title='bbox 700 1943 973 2030; x_wconf 80' lang='grc' dir='ltr'><strong><em>ἐπιφανεστάτοις</em></strong></span> <span class='ocrx_word' id='word_1_128' title='bbox 992 1944 1080 2010; x_wconf 65' lang='lat'>0150-</span> 
     </span>
     <span class='ocr_line' id='line_1_18' title="bbox 68 2049 1080 2137; baseline -0.002 -22"><span class='ocrx_word' id='word_1_129' title='bbox 68 2053 215 2117; x_wconf 88' lang='grc' dir='ltr'><strong><em>λούσιιων</em></strong></span> <span class='ocrx_word' id='word_1_130' title='bbox 236 2073 272 2116; x_wconf 92' lang='grc' dir='ltr'><strong><em>τε</em></strong></span> <span class='ocrx_word' id='word_1_131' title='bbox 295 2049 351 2116; x_wconf 88' lang='grc' dir='ltr'><strong><em>καὶ</em></strong></span> <span class='ocrx_word' id='word_1_132' title='bbox 373 2062 441 2116; x_wconf 82' lang='grc' dir='ltr'><strong><em>τῶν</em></strong></span> <span class='ocrx_word' id='word_1_133' title='bbox 464 2053 577 2117; x_wconf 76' lang='grc' dir='ltr'><strong><em>ἄλλων</em></strong></span> <span class='ocrx_word' id='word_1_134' title='bbox 601 2051 794 2137; x_wconf 85' lang='grc' dir='ltr'><strong><em>συμμάχων,</em></strong></span> <span class='ocrx_word' id='word_1_135' title='bbox 824 2053 909 2116; x_wconf 80' lang='grc' dir='ltr'><strong><em>ἔνθα</em></strong></span> <span class='ocrx_word' id='word_1_136' title='bbox 930 2053 1080 2115; x_wconf 87' lang='grc' dir='ltr'><strong><em>πλεῖστοι</em></strong></span> 
     </span>
     <span class='ocr_line' id='line_1_19' title="bbox 69 2154 1079 2242; baseline -0.004 -21"><span class='ocrx_word' id='word_1_137' title='bbox 69 2159 199 2240; x_wconf 77' lang='grc' dir='ltr'><strong><em>ἔμελλον</em></strong></span> <span class='ocrx_word' id='word_1_138' title='bbox 226 2156 431 2222; x_wconf 82' lang='grc' dir='ltr'><strong><em>ἀκούσεσθαι</em></strong></span> <span class='ocrx_word' id='word_1_139' title='bbox 458 2167 526 2222; x_wconf 78' lang='grc' dir='ltr'><strong><em>τῶν</em></strong></span> <span class='ocrx_word' id='word_1_140' title='bbox 554 2157 761 2242; x_wconf 83' lang='grc' dir='ltr'><strong><em>λεγομένων,</em></strong></span> <span class='ocrx_word' id='word_1_141' title='bbox 788 2154 938 2221; x_wconf 79' lang='grc' dir='ltr'><strong><em>ἐκέλευσε</em></strong></span> <span class='ocrx_word' id='word_1_142' title='bbox 965 2158 1079 2218; x_wconf 88' lang='grc' dir='ltr'><strong><em>καλεῖν</em></strong></span> 
     </span>
     <span class='ocr_line' id='line_1_20' title="bbox 69 2261 1079 2350; baseline -0.002 -24"><span class='ocrx_word' id='word_1_143' title='bbox 69 2266 138 2341; x_wconf 88' lang='grc' dir='ltr'><strong><em>τοὺς</em></strong></span> <span class='ocrx_word' id='word_1_144' title='bbox 154 2265 291 2350; x_wconf 79' lang='grc' dir='ltr'><strong><em>ἄνδρας.</em></strong></span> <span class='ocrx_word' id='word_1_145' title='bbox 327 2265 551 2329; x_wconf 76' lang='grc' dir='ltr'><strong><em>εἰσελθόντων</em></strong></span> <span class='ocrx_word' id='word_1_146' title='bbox 571 2261 604 2329; x_wconf 93' lang='grc' dir='ltr'><strong><em>δ’</em></strong></span> <span class='ocrx_word' id='word_1_147' title='bbox 630 2263 740 2329; x_wconf 82' lang='grc' dir='ltr'><strong><em>αὐτῶν</em></strong></span> <span class='ocrx_word' id='word_1_148' title='bbox 758 2261 879 2347; x_wconf 69' lang='grc' dir='ltr'><strong><em>ἤρξατο</em></strong></span> <span class='ocrx_word' id='word_1_149' title='bbox 898 2263 1079 2342; x_wconf 82' lang='grc' dir='ltr'><strong><em>τοῦλόγου</em></strong></span> 
     </span>
     <span class='ocr_line' id='line_1_21' title="bbox 71 2367 1119 2453; baseline -0.006 -21"><span class='ocrx_word' id='word_1_150' title='bbox 71 2371 252 2453; x_wconf 81' lang='grc' dir='ltr'><strong><em>Μηνύκιος,</em></strong></span> <span class='ocrx_word' id='word_1_151' title='bbox 281 2370 299 2435; x_wconf 89' lang='grc' dir='ltr'>ὁ</span> <span class='ocrx_word' id='word_1_152' title='bbox 326 2374 463 2435; x_wconf 88' lang='grc' dir='ltr'><strong><em>πλεῖστα</em></strong></span> <span class='ocrx_word' id='word_1_153' title='bbox 490 2369 574 2435; x_wconf 80' lang='grc' dir='ltr'><strong><em>κατὰ</em></strong></span> <span class='ocrx_word' id='word_1_154' title='bbox 600 2372 660 2436; x_wconf 91' lang='grc' dir='ltr'><strong><em>τὸν</em></strong></span> <span class='ocrx_word' id='word_1_155' title='bbox 686 2377 745 2452; x_wconf 79' lang='grc' dir='ltr'><strong><em>τῆς</em></strong></span> <span class='ocrx_word' id='word_1_156' title='bbox 771 2367 928 2442; x_wconf 84' lang='grc' dir='ltr'><strong><em>ὑπατείας</em></strong></span> <span class='ocrx_word' id='word_1_157' title='bbox 954 2367 1078 2451; x_wconf 88' lang='grc' dir='ltr'><strong><em>χρόνον</em></strong></span> <span class='ocrx_word' id='word_1_158' title='bbox 1091 2385 1119 2425; x_wconf 81' lang='grc' dir='ltr'><strong><em>ιο</em></strong></span> 
     </span>
     <span class='ocr_line' id='line_1_22' title="bbox 73 2471 1080 2562; baseline -0.005 -22"><span class='ocrx_word' id='word_1_159' title='bbox 73 2476 252 2552; x_wconf 77' lang='grc' dir='ltr'><strong><em>σπουδάσας</em></strong></span> <span class='ocrx_word' id='word_1_160' title='bbox 277 2471 361 2562; x_wconf 78' lang='grc' dir='ltr'><strong><em>ὑπέρ</em></strong></span> <span class='ocrx_word' id='word_1_161' title='bbox 391 2475 511 2559; x_wconf 84' lang='grc' dir='ltr'><strong><em>αὐτοῦ,</em></strong></span> <span class='ocrx_word' id='word_1_162' title='bbox 542 2473 599 2541; x_wconf 81' lang='grc' dir='ltr'><strong><em>καί</em></strong></span> <span class='ocrx_word' id='word_1_163' title='bbox 625 2475 766 2561; x_wconf 86' lang='grc' dir='ltr'><strong><em>μάλιστα</em></strong></span> <span class='ocrx_word' id='word_1_164' title='bbox 793 2483 863 2549; x_wconf 85' lang='grc' dir='ltr'><strong><em>τοῖς</em></strong></span> <span class='ocrx_word' id='word_1_165' title='bbox 889 2472 1080 2556; x_wconf 89' lang='grc' dir='ltr'><strong><em>δημοτικοῖς</em></strong></span> 
     </span>
     <span class='ocr_line' id='line_1_23' title="bbox 74 2579 621 2664; baseline 0 -18"><span class='ocrx_word' id='word_1_166' title='bbox 74 2579 285 2664; x_wconf 75' lang='grc' dir='ltr'><strong><em>ἐναντιωθείς,</em></strong></span> <span class='ocrx_word' id='word_1_167' title='bbox 307 2579 364 2646; x_wconf 83' lang='grc' dir='ltr'><strong><em>καὶ</em></strong></span> <span class='ocrx_word' id='word_1_168' title='bbox 386 2580 475 2660; x_wconf 80' lang='grc' dir='ltr'><strong><em>ἔλεξε</em></strong></span> <span class='ocrx_word' id='word_1_169' title='bbox 498 2582 621 2648; x_wconf 87' lang='grc' dir='ltr'><strong><em>τοιάδε.</em></strong></span> 
     </span>
    </p>

    <p class='ocr_par' dir='ltr' id='par_1_4' title="bbox 27 2683 1120 3200">
     <span class='ocr_line' id='line_1_24' title="bbox 27 2683 1079 2772; baseline 0.004 -27"><span class='ocrx_word' id='word_1_170' title='bbox 27 2699 73 2748; x_wconf 75' lang='lat'>1552</span> <span class='ocrx_word' id='word_1_171' title='bbox 127 2685 251 2754; x_wconf 87' lang='lat' dir='ltr'>XXJII.</span> <span class='ocrx_word' id='word_1_172' title='bbox 292 2685 366 2752; x_wconf 82' lang='grc' dir='ltr'><strong><em>Ὅτι</em></strong></span> <span class='ocrx_word' id='word_1_173' title='bbox 403 2683 465 2772; x_wconf 70' lang='grc' dir='ltr'><strong><em>μὲν</em></strong></span> <span class='ocrx_word' id='word_1_174' title='bbox 498 2687 539 2753; x_wconf 87' lang='grc' dir='ltr'><strong><em>οὐ</em></strong></span> <span class='ocrx_word' id='word_1_175' title='bbox 574 2689 686 2752; x_wconf 87' lang='grc' dir='ltr'><strong><em>δίκαια</em></strong></span> <span class='ocrx_word' id='word_1_176' title='bbox 717 2684 891 2762; x_wconf 74' lang='grc' dir='ltr'><strong><em>πέπονθας</em></strong></span> <span class='ocrx_word' id='word_1_177' title='bbox 920 2684 986 2750; x_wconf 83' lang='grc' dir='ltr'><strong><em>ὑπὸ</em></strong></span> <span class='ocrx_word' id='word_1_178' title='bbox 1018 2693 1079 2750; x_wconf 85' lang='grc' dir='ltr'><strong><em>τοῦ</em></strong></span> 
     </span>
     <span class='ocr_line' id='line_1_25' title="bbox 74 2788 1080 2879; baseline -0.002 -21"><span class='ocrx_word' id='word_1_179' title='bbox 74 2794 185 2878; x_wconf 72' lang='grc' dir='ltr'><strong><em>δόμου,</em></strong></span> <span class='ocrx_word' id='word_1_180' title='bbox 213 2788 413 2879; x_wconf 81' lang='grc' dir='ltr'><strong><em>ὦΜολρκιε,</em></strong></span> <span class='ocrx_word' id='word_1_181' title='bbox 440 2789 509 2876; x_wconf 85' lang='grc' dir='ltr'><strong><em>μετ’</em></strong></span> <span class='ocrx_word' id='word_1_182' title='bbox 536 2794 644 2869; x_wconf 87' lang='grc' dir='ltr'><strong><em>αίτίας</em></strong></span> <span class='ocrx_word' id='word_1_183' title='bbox 671 2793 808 2878; x_wconf 86' lang='grc' dir='ltr'><strong><em>αἰσχρᾶς</em></strong></span> <span class='ocrx_word' id='word_1_184' title='bbox 831 2789 1020 2869; x_wconf 76' lang='grc' dir='ltr'><strong><em>ἐξελασθείς</em></strong></span> <span class='ocrx_word' id='word_1_185' title='bbox 1043 2789 1080 2856; x_wconf 78' lang='grc' dir='ltr'><strong><em>ἐκ</em></strong></span> 
     </span>
     <span class='ocr_line' id='line_1_26' title="bbox 73 2893 1120 2987; baseline -0.006 -23"><span class='ocrx_word' id='word_1_186' title='bbox 73 2910 121 2984; x_wconf 77' lang='grc' dir='ltr'><strong><em>τῆς</em></strong></span> <span class='ocrx_word' id='word_1_187' title='bbox 143 2902 317 2987; x_wconf 88' lang='grc' dir='ltr'><strong><em>πατρίδος,</em></strong></span> <span class='ocrx_word' id='word_1_188' title='bbox 349 2900 492 2975; x_wconf 75' lang='grc' dir='ltr'><strong><em>ἅπαντες</em></strong></span> <span class='ocrx_word' id='word_1_189' title='bbox 520 2904 628 2982; x_wconf 85' lang='grc' dir='ltr'><strong><em>ίσμεν·</em></strong></span> <span class='ocrx_word' id='word_1_190' title='bbox 661 2895 716 2963; x_wconf 84' lang='grc' dir='ltr'><strong><em>καί</em></strong></span> <span class='ocrx_word' id='word_1_191' title='bbox 743 2893 844 2963; x_wconf 74' lang='grc' dir='ltr'><strong><em>οὐδέν</em></strong></span> <span class='ocrx_word' id='word_1_192' title='bbox 872 2897 1014 2983; x_wconf 77' lang='grc' dir='ltr'><strong><em>οἰόμεθά</em></strong></span> <span class='ocrx_word' id='word_1_193' title='bbox 1041 2913 1078 2963; x_wconf 90' lang='grc' dir='ltr'><strong><em>σε</em></strong></span> <span class='ocrx_word' id='word_1_194' title='bbox 1092 2918 1120 2959; x_wconf 79' lang='grc' dir='ltr'><strong><em>οε</em></strong></span> 
     </span>
     <span class='ocr_line' id='line_1_27' title="bbox 73 3001 1079 3091; baseline -0.002 -22"><span class='ocrx_word' id='word_1_195' title='bbox 73 3019 170 3073; x_wconf 88' lang='grc' dir='ltr'><strong><em>ποιεῖν</em></strong></span> <span class='ocrx_word' id='word_1_196' title='bbox 196 3008 412 3091; x_wconf 87' lang='grc' dir='ltr'><strong><em>θαυμαστόν,</em></strong></span> <span class='ocrx_word' id='word_1_197' title='bbox 442 3006 474 3069; x_wconf 90' lang='grc' dir='ltr'><strong><em>εί</em></strong></span> <span class='ocrx_word' id='word_1_198' title='bbox 499 3007 709 3090; x_wconf 78' lang='grc' dir='ltr'><strong><em>χαλεπαίνεις</em></strong></span> <span class='ocrx_word' id='word_1_199' title='bbox 729 3001 785 3068; x_wconf 88' lang='grc' dir='ltr'><strong><em>καὶ</em></strong></span> <span class='ocrx_word' id='word_1_200' title='bbox 807 3002 1003 3085; x_wconf 78' lang='grc' dir='ltr'><strong><em>ἀγανακτεῖς</em></strong></span> <span class='ocrx_word' id='word_1_201' title='bbox 1025 3001 1079 3068; x_wconf 79' lang='grc' dir='ltr'><strong><em>ἐπὶ</em></strong></span> 
     </span>
     <span class='ocr_line' id='line_1_28' title="bbox 73 3104 1080 3200; baseline -0.002 -24"><span class='ocrx_word' id='word_1_202' title='bbox 73 3124 133 3190; x_wconf 84' lang='grc' dir='ltr'><strong><em>ταῖς</em></strong></span> <span class='ocrx_word' id='word_1_203' title='bbox 148 3114 272 3200; x_wconf 82' lang='grc' dir='ltr'><strong><em>τύχαις.</em></strong></span> <span class='ocrx_word' id='word_1_204' title='bbox 308 3113 422 3187; x_wconf 89' lang='grc' dir='ltr'><strong><em>κοινὸς</em></strong></span> <span class='ocrx_word' id='word_1_205' title='bbox 440 3111 503 3197; x_wconf 76' lang='grc' dir='ltr'><strong><em>γάρ</em></strong></span> <span class='ocrx_word' id='word_1_206' title='bbox 523 3111 566 3195; x_wconf 82' lang='grc' dir='ltr'><strong><em>δὴ</em></strong></span> <span class='ocrx_word' id='word_1_207' title='bbox 585 3118 642 3193; x_wconf 77' lang='grc' dir='ltr'><strong><em>τῆς</em></strong></span> <span class='ocrx_word' id='word_1_208' title='bbox 660 3108 815 3176; x_wconf 81' lang='grc' dir='ltr'><strong><em>ἁπάντων</em></strong></span> <span class='ocrx_word' id='word_1_209' title='bbox 831 3111 964 3196; x_wconf 87' lang='grc' dir='ltr'><strong><em>φύσεως</em></strong></span> <span class='ocrx_word' id='word_1_210' title='bbox 981 3104 1080 3185; x_wconf 83' lang='grc' dir='ltr'><strong><em>οὗτος</em></strong></span> 
     </span>
    </p>
   </div>
   <div class='ocr_carea' id='block_1_3' title="bbox 74 3277 1080 3517">
    <p class='ocr_par' dir='ltr' id='par_1_5' title="bbox 74 3277 1080 3517">
     <span class='ocr_line' id='line_1_29' title="bbox 134 3277 1080 3376; baseline -0.006 -15"><span class='ocrx_word' id='word_1_211' title='bbox 134 3312 150 3361; x_wconf 80' lang='grc'><strong>7</strong></span> <span class='ocrx_word' id='word_1_212' title='bbox 168 3299 375 3376; x_wconf 78' lang='grc' dir='ltr'><strong><em>προδεδομένοι</em></strong></span> <span class='ocrx_word' id='word_1_213' title='bbox 394 3319 416 3357; x_wconf 88' lang='grc' dir='ltr'><strong><em>ο.</em></strong></span> <span class='ocrx_word' id='word_1_214' title='bbox 435 3300 539 3356; x_wconf 78' lang='lat' dir='ltr'><strong>Reiske</strong></span> <span class='ocrx_word' id='word_1_215' title='bbox 629 3307 646 3356; x_wconf 80' lang='lat'>9</span> <span class='ocrx_word' id='word_1_216' title='bbox 664 3298 747 3356; x_wconf 81' lang='grc' dir='ltr'><strong><em>πέντε</em></strong></span> <span class='ocrx_word' id='word_1_217' title='bbox 771 3301 836 3356; x_wconf 78' lang='grc' dir='ltr'><strong><em>εδδ.</em></strong></span> <span class='ocrx_word' id='word_1_218' title='bbox 856 3301 878 3354; x_wconf 92' lang='grc' dir='ltr'>Β</span> <span class='ocrx_word' id='word_1_219' title='bbox 969 3305 1001 3354; x_wconf 79' lang='lat'><strong><em>12</em></strong></span> <span class='ocrx_word' id='word_1_220' title='bbox 1021 3277 1080 3355; x_wconf 56' lang='lat' dir='ltr'><strong><em>Hoss</em></strong></span> 
     </span>
     <span class='ocr_line' id='line_1_30' title="bbox 74 3365 1079 3446; baseline -0.003 -18"><span class='ocrx_word' id='word_1_221' title='bbox 74 3376 192 3446; x_wconf 85' lang='grc' dir='ltr'><strong><em>ττούμιος</em></strong></span> <span class='ocrx_word' id='word_1_222' title='bbox 210 3375 288 3429; x_wconf 81' lang='lat' dir='ltr'><strong><em>ABb</em></strong></span> <span class='ocrx_word' id='word_1_223' title='bbox 362 3379 396 3427; x_wconf 83' lang='lat'><strong><em>13</em></strong></span> <span class='ocrx_word' id='word_1_224' title='bbox 415 3372 542 3434; x_wconf 86' lang='grc' dir='ltr'><strong><em>δλπίκιος</em></strong></span> <span class='ocrx_word' id='word_1_225' title='bbox 559 3369 585 3424; x_wconf 86' lang='grc' dir='ltr'><strong>Α</strong></span> <span class='ocrx_word' id='word_1_226' title='bbox 665 3378 697 3426; x_wconf 80' lang='grc'><strong><em>19</em></strong></span> <span class='ocrx_word' id='word_1_227' title='bbox 716 3365 783 3440; x_wconf 73' lang='grc' dir='ltr'><strong><em>ἦρξε</em></strong></span> <span class='ocrx_word' id='word_1_228' title='bbox 801 3387 825 3426; x_wconf 84' lang='grc' dir='ltr'><strong><em>ο.</em></strong></span> <span class='ocrx_word' id='word_1_229' title='bbox 843 3369 968 3424; x_wconf 75' lang='lat' dir='ltr'><strong>Reudler</strong></span> <span class='ocrx_word' id='word_1_230' title='bbox 986 3369 1079 3426; x_wconf 74' lang='grc' dir='ltr'><strong><em>Τίτου.</em></strong></span> 
     </span>
     <span class='ocr_line' id='line_1_31' title="bbox 75 3437 786 3517; baseline -0.011 -17"><span class='ocrx_word' id='word_1_231' title='bbox 75 3445 127 3502; x_wconf 73' lang='lat' dir='ltr'><strong>crit.</strong></span> <span class='ocrx_word' id='word_1_232' title='bbox 143 3466 172 3517; x_wconf 88' lang='lat' dir='ltr'><strong><em>p.</em></strong></span> <span class='ocrx_word' id='word_1_233' title='bbox 186 3452 222 3501; x_wconf 73' lang='lat'><strong><em>5⁶</em></strong></span> <span class='ocrx_word' id='word_1_234' title='bbox 294 3448 330 3499; x_wconf 81' lang='lat'><strong><em>24</em></strong></span> <span class='ocrx_word' id='word_1_235' title='bbox 349 3439 512 3510; x_wconf 69' lang='grc' dir='ltr'><strong><em>ἐξελασθείς</em></strong></span> <span class='ocrx_word' id='word_1_236' title='bbox 529 3441 579 3495; x_wconf 81' lang='lat' dir='ltr'><strong><em>Ba</em></strong></span> <span class='ocrx_word' id='word_1_237' title='bbox 597 3437 742 3506; x_wconf 78' lang='grc' dir='ltr'><strong><em>ἐξελαθεὶς</em></strong></span> <span class='ocrx_word' id='word_1_238' title='bbox 759 3440 786 3492; x_wconf 86' lang='lat' dir='ltr'>R</span> 
     </span>
    </p>
   </div>
   <div class='ocr_carea' id='block_1_4' title="bbox 0 0 1256 3876">
    <p class='ocr_par' dir='ltr' id='par_1_6' title="bbox 0 0 1256 3876">
     <span class='ocr_line' id='line_1_32' title="bbox 0 0 1256 3876; baseline 0 0"><span class='ocrx_word' id='word_1_239' title='bbox 0 0 1256 3876; x_wconf 95' lang='lat' dir='ltr'><strong><em> </em></strong></span> 
     </span>
    </p>
   </div>
  </div>
 </body>
</html>
