2496 3878
182 175 226 240 οο
609 177 770 226 -z—

181 343 226 423 τςό
249 359 284 401 τε
309 338 425 424 δικαίῳ
448 339 645 414 πεπονθότες
666 333 721 402 καὶ
739 347 810 413 τοῖς
827 335 940 422 ὅρκοις
957 333 1189 420 ἐπιτρέψαντες,

181 433 232 518 οἷς
264 441 444 526 ὀμόσαντες
475 449 580 508 οίσετε
612 443 671 519 τάς
702 444 843 526 γνώμας.
888 447 1013 527 φαῦλοι
1044 438 1106 526 μὲν
1134 436 1190 507 οὖν

180 548 275 633 ἡμεῖς
301 545 333 632 γ’
363 549 407 625 ώς
433 545 509 632 περὶ
535 548 740 630 τηλικούτων
767 547 822 614 καὶ
851 549 1061 632 <τοσούτων>
1089 545 1190 631 λέγειν

182 651 238 720 καὶ
256 657 342 720 πολὺ
360 665 422 722 τοῦ
439 656 666 739 προσήκοντος
684 653 901 739 ἐνδεέστεροι,
919 654 959 719 τά
976 649 1014 718 δὲ
1026 652 1191 739 πράγματα

156 759 223 825 ιοά
250 766 378 845 φαῦλα,
404 755 488 845 ὑπὲρ
517 753 564 824 ὧν
593 757 741 844 λε’ξομεν.
786 761 917 837 τούτοις
940 754 1002 825 οὖν
1024 757 1192 844 προσέχετε

181 867 240 931 τὸν
260 875 357 948 νοῦν,
378 864 434 930 καί
455 864 514 931 ἐὰν
531 865 613 948 ὑμῖν
632 864 712 951 δόξῃ
731 865 840 932 δίκαιά
858 889 893 930 τε
912 863 966 930 καὶ
986 862 1192 950 συμφέροντα

179 981 226 1060 τῷ
255 981 373 1059 κοινῷ,
399 973 582 1054 προσθήσω
613 967 645 1036 δ’
672 971 723 1036 ὄτι
745 970 801 1037 καὶ
824 970 1002 1055 ἀναγκαῖα,
1029 973 1193 1056 συγχωρη-

182 1097 258 1142 σατε
282 1076 362 1160 ἡμῖν
385 1075 495 1141 αὐτῶν
517 1087 629 1163 τυχεῖν
653 1074 791 1154 ἑκόντες.
1150 1143 1153 1149 ,

248 1181 397 1246 XXXXI.
428 1179 509 1268 Ἐρώ
533 1179 570 1248 δὲ
592 1182 668 1270 περὶ
690 1194 751 1250 τοῦ
774 1185 905 1250 δικαίου
928 1193 1067 1268 πρῶτον.
1107 1183 1195 1266 ὑμεῖς

142 1309 169 1348 ιο
184 1290 238 1371 δη,
263 1283 289 1352 ἀ
308 1291 426 1372 βουλή,
444 1288 498 1353 ὅτε
517 1291 595 1366 τοὺς
612 1294 759 1374 βασιλεῖς
781 1288 985 1374 ἀπηλλάξατε
1007 1290 1195 1375 συμμάχους

182 1397 313 1479 ἔχοντες
335 1394 420 1479 ἡμᾶς
442 1391 496 1459 καὶ
520 1395 581 1478 την
602 1399 784 1479 πολιτείαν,
807 1395 845 1461 ἐν
867 1388 888 1482 ᾗ
907 1405 972 1461 νῦν
991 1394 1104 1480 ἐσμεν,
1126 1419 1196 1460 κατ-

181 1503 349 1585 εστήσατε,
366 1500 409 1584 ἣν
429 1500 470 1567 ού
488 1499 647 1585 ψέγομεν,
665 1510 937 1585 μειονεκτοῦντας
956 1499 993 1566 ἐν
1007 1512 1079 1577 ταῖς
1095 1502 1196 1577 δίκαις

180 1610 259 1685 τοὺς
282 1608 480 1692 δημοτικοὺς
502 1607 660 1691 ὁρῶντες,
687 1608 786 1674 ὁπότε
809 1611 955 1693 συμβαίη
978 1629 1010 1671 τι
1034 1607 1197 1693 διάφορον

182 1712 294 1788 αὐτοῖς
316 1713 398 1797 πρὸς
420 1713 498 1788 τοὺς
519 1714 726 1794 πατρικίους·
748 1713 856 1777 πολλά
880 1710 910 1778 δ’
933 1707 976 1796 ἣν
999 1723 1117 1780 ταῦτα·
1144 1715 1221 1780 νό-ῖί

143 1836 168 1877 15
183 1840 248 1901 μου
271 1817 455 1902 ἐκυρώσατε
474 1821 629 1884 Ποπλίου
650 1817 836 1904 Οὐαλερίου
859 1817 1007 1904 θατέρου
1030 1830 1099 1884 τών
1118 1820 1198 1884 ὑπά-

180 1947 249 1990 των
281 1924 396 2009 γνώμη
427 1924 646 2009 χρησάμενοι,
677 1922 798 2002 ἐξεῖναι
830 1937 899 2001 τοῖς
928 1924 1199 2011 κατισχυομένοις

181 2029 247 2094 ὑπὸ
270 2039 337 2094 τών
358 2033 539 2115 πατρικίων
563 2030 721 2113 δημόταις
742 2035 983 2117 προκαλεῖσθαι
1001 2031 1059 2108 τὰς
1075 2035 1199 2117 κρίσεις

182 2133 234 2201 ἐπὶ
261 2137 321 2201 τὸν
349 2136 470 2219 δῆμον·
500 2133 555 2201 καὶ
583 2133 661 2222 παρ’
683 2133 784 2202 οὐδὲν
808 2136 913 2213 οὕτως
936 2134 1049 2222 ἕτερον
1072 2137 1121 2212 ώς
1143 2139 1220 2203 τὸν

181 2245 289 2327 νόμον
311 2243 410 2308 τόνδε
434 2244 495 2326 την
517 2265 552 2306 τε
574 2245 674 2308 πόλιν
693 2242 730 2308 ἐν
749 2243 889 2330 ὁμονοίᾳ
908 2241 1128 2327 διεφυλάξατε
1148 2239 1200 2307 καὶ

142 2327 260 2442 ,2,τοὺς
291 2352 439 2433 βασιλεῖς
469 2348 620 2426 ἐπιόντας
649 2348 855 2415 ἀπεώσασθε.
901 2357 1022 2415 τοῦτον
1048 2349 1092 2432 δὴ
1121 2371 1201 2434 προ-

181 2458 359 2540 φερόμενοι
382 2457 441 2522 τὸν
463 2458 569 2541 νόμον
576 2505 586 2540 ,
609 2451 693 2537 ὑπὲρ
717 2451 764 2520 ὧν
788 2456 929 2532 ἅπαντες
951 2455 1149 2520 ἀδικεῖσθαί
1168 2478 1200 2518 τε

181 2558 236 2625 καὶ
263 2562 501 2646 κατισχύεσθαι
529 2560 670 2645 λέγομεν
692 2561 757 2626 ὑπὸ
781 2563 886 2626 Γαίου
908 2563 1067 2646 Μαρκίου
1090 2563 1203 2645 τουδί,

180 2668 348 2747 καλοῦμεν
366 2664 469 2730 αὐτὸν
487 2664 540 2731 ἐπὶ
559 2668 617 2732 τὸν
636 2667 744 2750 δῆμον
762 2664 817 2730 καὶ
836 2666 875 2730 τά
890 2667 1002 2731 δίκαια
1014 2669 1203 2751 παραγγέλ-

181 2773 284 2854 λομεν
297 2768 366 2834 ἐκεῖ
373 2768 491 2854 λέγειν.
517 2769 573 2835 καὶ
587 2772 878 2856 προβουλεύματος
894 2769 1029 2837 ἐνταῦθ’
1044 2771 1108 2838 ούιι
1124 2775 1203 2838 ἔδει.

141 2894 167 2936 ει
180 2873 255 2962 περὶ
284 2869 332 2940 ών
359 2875 422 2962 γάρ
450 2875 513 2941 οὐκ
540 2873 603 2941 είσί
630 2878 744 2960 νόμοι,
771 2875 846 2962 περὶ
870 2878 997 2943 τούτοιν
1020 2877 1118 2962 ὑμεῖς
1141 2889 1203 2946 τοῦ

254 3073 268 3120 1
292 3061 576 3140 ἔπκτ>ρέψαντεςΒ
648 3074 664 3122 3
687 3068 821 3124 τοιούτων
840 3068 943 3124 Reiske
967 3069 1108 3125 τοσούτων
1134 3070 1204 3125 add.

180 3137 325 3208 Kiessling
340 3143 344 3201 Ι
360 3139 487 3209 λέγοντες
500 3137 606 3211 Aemg
623 3136 714 3209 λε’χειν
732 3139 781 3194 Bc
836 3146 870 3195 10
889 3141 1064 3210 ἀπηλλάξατε
1077 3140 1106 3193 Α
1127 3142 1206 3210 ἀπη-

181 3209 387 3334 λχάο>αχεδΒο
415 3209 586 3335 1714δδὴόΒα
629 3209 1205 3336 ἐθῙχςχηοαμόνρχυΠΑΒχιχατῙκο>χ<υο>

181 3300 294 3404 ἀὸνάιών
313 3350 349 3417 δή
392 3371 409 3406 υ
431 3300 527 3404 AB?
545 3301 612 3405 ταάςΙ
636 3297 837 3408 &mansero
861 3287 1206 3407 άάιεάοσάισθεθ(ἱΙὲἰύάίεῙξάύ4

181 3424 214 3472 21
235 3372 400 3484 άπανταῖοί)
420 3438 490 3477 corr.
505 3421 628 3477 Sintenis
643 3422 702 3480 Em.
718 3423 799 3478 Dion.
814 3423 840 3476 Π
854 3428 888 3479 36
1186 3371 1208 3424 g
