2496 3878
103 226 145 290 ιε
529 231 690 279 -ι-

102 400 172 466 τοῖς
205 390 345 473 ἱματίοις
377 387 455 474 ξίφη
483 389 565 453 κατά
591 392 721 471 πλῆθος
748 387 980 472 εἰσδραμόντες
1007 387 1055 463 είς
1081 389 1118 452 τὸ

104 497 342 580 βουλευτήριον
363 494 632 579 ἀποσφάττουσιν
655 493 802 570 ἅπαντας
825 494 903 568 τοὺς
925 490 1119 577 ἀριστοκρα-

67 603 222 678 4τικούς.
268 603 359 686 φυγὴ
383 595 414 665 δ’
441 599 612 683 ἐ<γένετο>
636 600 717 683 μετά
738 609 836 665 τοῦτο
859 608 926 663 τῶν
949 595 1019 663 κατ’
1042 597 1119 681 ἀμο-

105 710 168 793 ρδιν
191 705 246 772 καλ
269 709 408 792 δρόμος,
435 719 502 771 τῶν
525 703 586 790 μὲν
610 703 662 771 ἐπὶ
685 708 743 782 τὰς
765 707 884 787 οἰκίας,
908 717 976 770 τῶν
1000 700 1030 769 δ’
1058 704 1119 782 ἔξω

79 823 163 897 ετῆς
185 818 323 896 πόλεως,
345 815 433 896 πλὴν
450 825 517 878 τῶν
536 814 739 878 συνειδότων
757 814 818 896 τὴν
838 812 1002 877 ἐπίθεσιν·
1027 806 1120 877 οὗτοι

106 917 144 986 δὲ
166 921 228 1004 τὴν
251 921 356 1006 άκραν
376 918 432 985 καὶ
450 921 489 986 τά
507 920 630 1005 νεώρια
648 917 702 984 καὶ
720 922 798 996 τοὺς
816 918 981 1002 ἐρυμνοὺς
998 921 1121 995 τόπους

105 1036 163 1110 τῆς
184 1029 312 1103 πόλεως
333 1027 591 1111 κατελάμβανον.
627 1034 666 1110 τῇ
690 1023 721 1089 δ’
744 1024 881 1112 ἐπιούσῃ
904 1024 1000 1091 νυκτὶ
1019 1027 1121 1102 λύσας

107 1131 143 1197 ἐκ
165 1143 231 1198 τῶν
256 1135 490 1217 δεσμωτηρίων
512 1133 590 1206 τοὺς
609 1129 843 1207 ἐπιθανατίους
861 1133 1005 1206 πολλοὺς
1023 1133 1121 1206 όντας

106 1237 161 1303 καὶ
188 1241 394 1313 καθοπλίσας
421 1238 487 1321 ἅμα
514 1247 583 1312 τοῖς
610 1237 723 1313 ἄλλοις
749 1240 876 1320 φίλοις,
904 1237 941 1303 ἐν
963 1229 1014 1312 οἷς
1035 1232 1120 1319 ἦσαν

69 1364 95 1404 ιο
108 1342 163 1410 καὶ
187 1345 222 1408 οί
242 1356 308 1409 τῶν
332 1347 514 1428 Τυρρηνῶν
533 1343 744 1427 αἰχμάλωτοι,
767 1347 921 1427 φυλακην
940 1342 975 1407 ἐκ
993 1343 1121 1407 τούτων

73 1452 304 1517 ὅκαθίσταται
328 1447 404 1534 περὶ
427 1452 464 1514 τὸ
488 1461 590 1534 σῶμα.
635 1448 758 1534 ἡμέρας
781 1446 819 1515 δὲ
841 1448 1021 1534 γενομένης
1043 1466 1122 1532 συμ-

108 1555 246 1634 καλίσας
273 1558 332 1623 τὸν
360 1558 467 1640 δῆμον
491 1558 538 1632 είς
561 1554 736 1638 ἐκκλησίαν
759 1554 813 1621 καλ
836 1557 963 1639 πολλὴν
985 1579 1123 1640 κατηγο-

109 1666 185 1747 ρίαν
208 1660 408 1746 διαθέμενος
427 1673 493 1727 τῶν
512 1660 749 1745 φονευθέντων
768 1659 825 1727 ὑπ’
846 1661 950 1728 αὐτοῦ
967 1668 1123 1746 πολιτῶν,

110 1767 256 1845 ἐκείνους
278 1765 339 1851 μὲν
358 1770 420 1852 ἐφη
439 1774 683 1851 τετιμωρῆσθαι
702 1771 767 1832 σὺν
785 1770 859 1853 δίκη
878 1770 1036 1846 πολλάκις
1054 1768 1197 1834 ἐπι-1328

71 1893 96 1934 15
109 1872 308 1960 βουλευθελς
334 1870 389 1939 ὑπ’
418 1872 544 1957 αὐτῶν,
571 1885 641 1950 τοῖς
669 1871 699 1938 δ’
726 1875 1010 1952 άλλοιςπολίταις
1033 1875 1123 1942 ἐλευ-

110 1983 231 2066 θερίαν
254 1978 366 2065 φίρων
388 1990 542 2064 παρεῖναι
564 1978 620 2044 καὶ
644 1982 817 2065 ίσηγορίαν
840 1979 894 2045 καὶ
915 1983 999 2047 ἄλλα
1017 1984 1124 2048 πολλά

110 2085 231 2170 ἀγαθά.

177 2191 267 2257 VIII.
309 2188 406 2256 Ταῦτ’
438 2192 540 2256 εἰπὼν
573 2188 629 2256 καί
659 2199 864 2276 θαυμαστῶν
894 2194 1040 2270 ἅπαντας
1069 2193 1124 2278 ἐμ-
1146 2217 1160 2246 x

111 2301 239 2382 πλήσας
262 2296 407 2363 ἐλπίδων
430 2299 509 2373 τοὺς
531 2299 729 2380 δημοτικοὺς
752 2299 813 2364 δύο
836 2300 877 2363 τά
899 2298 1035 2364 κάκιστα
1058 2311 1124 2365 τῶν

71 2424 98 2464 ιο
113 2405 149 2471 ἐν
182 2404 378 2487 ἀνθρώποις
408 2406 604 2468 καθίσταται
635 2403 899 2488 πολιτευμάτων,
936 2397 986 2482 οἷς
1016 2407 1126 2470 ἅπασα

112 2521 228 2598 χρῆται
251 2513 438 2594 προοιμίοις
460 2513 628 2596 τυραννίς,
650 2519 711 2594 γῆς
733 2510 925 2594 ἀναδασμὸν
946 2509 1000 2576 καὶ
1018 2522 1126 2595 χρεῶν

113 2618 245 2701 άφεσιν·
280 2616 407 2680 τούτων
436 2612 473 2679 δέ
500 2618 561 2699 τὴν
589 2616 776 2700 ἐπιμέλειαν
804 2615 902 2692 αὐτὸς
929 2615 1126 2701 ἀμφοτέρων

113 2721 318 2806 ὑπισχνεῖται
349 2723 549 2804 ποιησεσθαι
581 2725 760 2806 στρατηγὸς
791 2721 1003 2807 ἀποδειχθεὶς
1030 2723 1128 2788 αύτο-

113 2828 260 2916 κράτωρ,
288 2825 348 2902 ἕως
377 2825 413 2891 ἐν
441 2826 584 2911 ἀσφαλεῖ
608 2829 648 2892 τδι
670 2829 767 2893 κοινά
790 2827 924 2913 γίνηται
947 2827 1003 2893 καὶ
1026 2830 1128 2913 δημο-

186 3060 202 3108 3
227 3053 302 3124 φυγὴ
322 3053 354 3108 δὲ
373 3053 442 3123 μετδι
462 3053 484 3108 0
508 3074 539 3120 φ.
559 3051 587 3108 δ’
605 3049 714 3122 ἐγένετο
733 3053 802 3124 μετδι
826 3055 927 3124 scripsi
945 3055 1016 3109 duce
1036 3054 1128 3109 Sinte-

114 3125 187 3180 nisio
202 3125 261 3178 Em.
278 3124 360 3179 Dion.
374 3125 415 3178 III
430 3130 455 3190 5,
475 3124 577 3194 δρόμος
596 3120 701 3193 ἐγίνετο
721 3125 892 3194 Grasberger
904 3126 1006 3180 Philol.
1021 3132 1064 3193 28,
1075 3131 1128 3179 549

116 3204 131 3252 8
152 3192 355 3258 ἐπνθανατίους
373 3195 451 3248 ABG
507 3202 540 3249 13
559 3191 611 3264 ὑφ’
631 3196 678 3250 Ba
698 3197 702 3268 λ
723 3197 809 3251 αὐτοῦ
828 3197 875 3250 Ba
894 3197 956 3265 (sio)
974 3198 1061 3251 αὑτοῦ
1080 3196 1128 3249 Bb

116 3273 151 3321 14
168 3269 417 3337 τετιμωρ<η>σθαι
438 3265 482 3318 Bb
539 3272 571 3321 18
590 3265 718 3330 ἅπαντας
736 3270 802 3336 post
820 3268 987 3337 δημοτικούς
1006 3266 1028 3321 Ο
1048 3283 1128 3336 prae-

115 3342 159 3392 ter
173 3338 196 3390 B
251 3343 284 3390 19
303 3337 422 3392 κάκιστα
435 3335 458 3388 Β
477 3335 608 3391 κάλλιστα
621 3337 647 3390 R
662 3342 666 3404 Ι
682 3337 813 3392 κάλλιστα
826 3341 997 3393 καθίσταται
1012 3337 1034 3392 Ο
1049 3355 1128 3407 prae·

115 3408 200 3462 terB
255 3415 289 3463 20
312 3408 499 3476 πολιτεύματα
522 3425 543 3463 ο,
565 3408 655 3462 Cobet
673 3408 737 3464 Obs.
757 3427 784 3479 p.
806 3415 856 3463 136
882 3415 886 3476 Ι
911 3418 988 3463 πᾶσα
1012 3408 1034 3462 O
1058 3425 1127 3464 corr.

116 3479 260 3548 Kiessling
305 3485 338 3533 23
357 3481 517 3548 δπισχνῑται
531 3478 630 3549 (sio)B
649 3481 811 3549 δτεσχνεῖτο
826 3480 851 3533 R
868 3485 872 3548 Ι
893 3478 1070 3547 ποιήσασθαι
1082 3479 1130 3532 Ba,
