2484 3876
512 171 679 220 -H-
1042 169 1105 236 179

34 344 89 393 1590
153 324 325 392 XXXVII.
384 332 494 396 Ταῦτα
531 326 762 414 ψηφισαμένης
798 339 856 416 της
891 333 1015 416 βουλῆς
1050 331 1106 399 καὶ

88 435 291 516 πρεσβευτάς
309 431 442 522 ἐτέρους
465 432 622 521 ἑλομένης
640 432 720 502 δέκα
738 436 864 522 ἀνδρας
882 434 918 502 έκ
936 447 1003 503 τῶν
1021 438 1106 505 ὑπα-

87 549 185 604 τικῶν
218 543 298 618 τοὺς
334 539 536 620 ἀξιώσοντας
571 543 631 608 τὸν
666 543 775 628 ἀνδρα
813 538 921 628 μηδὲν
954 541 1105 631 ἐκφέρειν

88 643 248 731 ἐπίταγμα
267 650 354 734 βαρὺ
372 645 449 733 μηδ’
473 645 612 728 ἀνάξιον
628 656 686 733 τῆς
704 651 842 733 πόλεως,
863 647 947 714 ἀλλά
964 653 1105 718 καταλύ-

87 770 187 818 σαντα
215 755 279 838 την
307 756 433 840 ἔχθραν
459 751 515 820 καλ
542 754 773 840 ἀναστήσαντα
801 757 864 841 την
892 757 1036 842 δύναμιν
1069 756 1104 824 ἐκ
1131 779 1145 820 ε

87 867 140 943 τῆς
165 862 280 947 χώρας
306 867 424 928 πειθοῖ
447 859 503 928 καὶ
533 864 721 947 διαλόγων
744 863 980 948 συμβατηρίων
1003 873 1105 930 ταῦτα

87 973 267 1054 πειρᾶσθαι
294 967 466 1054 πράττειν,
494 969 525 1034 ελ
549 969 705 1053 βούλεται
733 971 890 1054 βεβαίους
916 991 951 1034 τε
978 965 1033 1034 καὶ
1057 971 1104 1046 είς

88 1069 134 1137 ἀεὶ
152 1075 380 1159 διαμενούσας
397 1077 603 1160 ποιήσασθαι
618 1075 677 1153 τὰς
690 1073 871 1160 ὁμολογίας
883 1085 950 1141 τῶν
963 1078 1104 1160 πόλεων,

87 1177 127 1256 ὡς
158 1191 229 1246 τῶν
261 1203 300 1264 γε
329 1177 386 1247 ὑπ’
417 1179 562 1267 ἀνάγκης
593 1181 684 1258 τινός
712 1180 733 1266 ἢ
763 1191 883 1268 καιροῦ
914 1198 1103 1269 συγχωρου-

88 1281 195 1366 μένων
226 1284 282 1352 καλ
311 1288 457 1365 ίδιιόταις
483 1285 539 1353 καὶ
564 1289 702 1353 πόλεσιν
735 1288 802 1372 ἅμα
832 1297 877 1377 τῷ
908 1299 1103 1374 μεταπεσεῖν
1119 1309 1143 1352 ιο

87 1393 161 1469 τοὺς
188 1394 328 1478 καιροὺς
355 1393 375 1478 ἢ
402 1394 461 1471 τὰς
489 1392 633 1478 ἀνάγκας
665 1393 769 1471 εὐδὺς
796 1391 1037 1480 διαλυομένων·
1071 1395 1106 1460 οί

88 1493 145 1580 μὲν
169 1496 426 1585 ἀποδειχθέντες
451 1495 507 1564 ὑπ’
536 1491 636 1583 αὐτῆς
664 1496 819 1585 πρέσβεις
841 1499 908 1584 ἅμα
930 1507 975 1586 τῷ
999 1497 1103 1565 πυθέ-

89 1607 166 1672 σδαι
189 1606 251 1691 την
273 1607 461 1691 παρουσίαν
484 1613 544 1671 τοῦ
562 1607 720 1689 Μαρκίου
742 1602 963 1692 πορευθέντες
982 1605 1026 1683 όις
1045 1605 1103 1671 αὐ-

38 1713 144 1777 ιιοιιὸυ
175 1712 283 1778 πολλὰ
315 1710 469 1796 ἐπαγωγὰ
502 1710 690 1796 διελέγοντο
724 1712 945 1796 φυλάττοντες
975 1709 1031 1778 καὶ
1065 1710 1102 1778 ἐν

89 1827 155 1895 τοῖς
183 1820 298 1901 λόγοις
326 1820 363 1884 τὸ
393 1816 521 1903 ἀξίωμα
549 1826 609 1902 τῆς
642 1819 778 1895 πόλεως.
832 1817 850 1883 ὁ
881 1814 918 1884 δέ
947 1803 1141 1916 Μάριιιοςιέὅ

91 1923 165 1991 ἀλλο
193 1920 255 2010 μὲν
283 1920 385 1990 οὐδὲν
416 1924 530 2002 αὐτοῖς
561 1922 777 2010 ἀπεκρίνατο,
811 1926 1031 2010 συνεβούλευε
1064 1921 1101 1991 δὲ

91 2033 232 2118 κρεῖττόν
255 2053 287 2096 τι
304 2028 594 2116 βουλευσαμένους
610 2030 704 2114 ἣκειν
722 2040 824 2114 τριῶν
843 2029 935 2108 ἐντὸς
952 2031 1099 2117 ἡμερῶν·

92 2138 203 2214 ταύτας
225 2137 290 2224 γὰρ
314 2137 426 2214 αὐτοῖς
445 2138 581 2202 ἔσεσθαι
600 2139 703 2220 μόνας
721 2135 843 2222 ἀνοχὰς
862 2145 922 2202 τοῦ
944 2134 1101 2219 πολέμου.

93 2240 299 2327 βουλομένων
323 2240 363 2308 δέ
382 2265 414 2308 τι
437 2245 520 2330 πρὸς
541 2251 644 2309 ταῦτα
665 2240 775 2326 λέγειν
798 2252 865 2308 τῶν
884 2240 1018 2327 ἀνδρῶν
1039 2241 1101 2308 οὐκ

94 2347 272 2436 ἐπέτρεψεν,
290 2347 363 2415 ἀλλ’
386 2347 518 2416 ἀπιέναι
536 2351 598 2435 την
616 2352 773 2435 ταχίστην
793 2344 964 2414 ἐκέλευσεν
983 2344 1020 2412 ἐκ
1038 2354 1099 2413 τοῦ
1113 2371 1139 2410 ω

93 2455 242 2544 χάρακος,
269 2454 448 2540 ἀπειλήσας
470 2456 530 2542 ὡς,
558 2458 589 2522 εί
615 2457 660 2541 μὴ
687 2457 903 2540 ποιήσουσιν,
931 2453 976 2530 ὡς
1002 2474 1100 2518 κατα-

95 2565 220 2642 σκόποις
256 2563 428 2650 χρήσεται·
470 2561 616 2628 κάκεῖνοι
658 2569 764 2648 σιωπῇ
808 2559 960 2637 ἀπιόντες
996 2559 1101 2639 εὐθὺς

93 2664 220 2754 ᾤχοντο.
270 2672 436 2755 μαθόντες
468 2665 499 2734 δ’
531 2668 566 2735 ολ
592 2663 770 2753 βουλευταὶ
802 2667 891 2753 παρὰ
910 2677 989 2732 τῶν
1021 2665 1138 2755 πρέ-3

93 2775 190 2858 σβεων
223 2776 282 2853 τὰς
314 2774 475 2852 αὐθάδεις
506 2773 695 2860 ἀποκρίσεις
726 2797 760 2839 τε
792 2771 847 2839 καλ
875 2772 1011 2852 ἀπειλὰς
1038 2785 1099 2842 τοῦ

91 2880 240 2968 Μαρκίου
271 2883 428 2968 στρατιάν
458 2878 519 2966 μέν
548 2881 728 2968 ὑπερόριον
759 2878 887 2964 ἐξάγειν
918 2877 997 2947 οὐδὲ
1025 2883 1099 2948 τότε
1113 2900 1138 2941 2⁵

153 3089 448 3164 3ἀξιώσ<ο>νταςΒ
482 3151 485 3156 Α
557 3088 815 3158 8ποιήσασδαιο
844 3098 965 3160 ποιῆσαι·
978 3089 1008 3144 in
1028 3090 1097 3147 edit.

89 3159 233 3233 Kiessling.
255 3164 362 3231 exstat,
391 3163 440 3218 sed
457 3161 530 3216 nihil
557 3163 674 3216 notatur
783 3168 816 3218 16
835 3163 930 3223 αὐτοῖς
948 3160 1055 3216 add.B
1088 3161 1092 3232 η

90 3255 292 3359 ουνβοόλευεΒ
383 3291 416 3340 21
437 3284 603 3354 ἀπειλήσας,
632 3283 769 3348 οὕτωςεί
809 3282 1028 3354 ηποιήτοοσιν,
1061 3283 1098 3347 ὡς

90 3358 272 3420 κατασκόποις
290 3357 448 3428 χρήσεσθαι
466 3373 490 3414 0.
508 3355 637 3412 Hertlein
655 3355 772 3411 Hermes
831 3360 883 3410 41⁵1
938 3357 972 3408 25
991 3353 1098 3424 ὑπερό-

90 3446 144 3496 ριον
165 3429 187 3484 0
207 3430 365 3499 ὑπαίθριον
386 3445 409 3484 α.
428 3427 573 3496 Kiessling
622 3509 627 3520 ¹
885 3507 936 3560 ¹2⁸
