2508 3882
506 173 550 250 ’-
586 215 614 262 11
650 241 683 250 -
1040 211 1103 275 ενι

100 383 151 458 τῆς
171 377 295 454 πόλεως
317 370 374 437 καὶ
396 373 437 437 τά
459 375 567 458 τείχη,
594 375 639 457 μη
666 395 716 450 τις
743 374 912 458 αἰφνίδιος
938 376 1107 458 πολεμίων

1 469 2 534 s
99 479 225 564 γένηται
248 481 371 565 ἔφοδος
394 477 689 564 ἐξεστρατευμένης
711 488 767 562 τῆς
789 483 943 566 νεότητος
965 478 1106 565 ἀθρόας·

1 581 2 596 ³
39 586 246 670 ιοιθηγεϊσθιιι
270 581 307 651 δὲ
330 595 388 670 τῆς
411 585 585 670 δυνάμεως
606 587 727 670 ταύτης
747 581 863 653 Αὖλον
886 588 1108 672 Σεμπρώνιον

93 690 297 777 Ἀτρατῖνον,
326 692 435 777 ἀνδρα
464 702 531 758 τῶν
560 692 739 758 ὑπατικῶν.
792 691 920 774 έγίυετο
950 689 989 757 δὲ
1010 691 1102 758 ταῦτ’

1 841 2 844 =
96 799 136 865 ού
158 799 213 864 διὰ
235 808 375 883 μακροῦ.
1133 821 1146 861 ε

1 979 2 986 χ
159 905 257 970 LXV.
287 902 465 981 ΙἈκύλλιος
491 900 553 989 μὲν
580 897 643 970 οὖν
671 905 787 990 ἅτερος
812 915 880 969 τῶν
907 903 1044 970 ὑπάτων
1071 904 1108 971 έν

1 1045 2 1062 1
94 1020 133 1096 τῇ
155 1015 415 1095 Πραινεστηνῶν
442 1011 534 1097 χώρᾳ
564 1013 623 1077 τὸν
640 1008 803 1096 Ἑρνίκων
825 1013 966 1096 στρατὸν
988 1009 1108 1095 ὑπομέ-

94 1142 194 1185 νοντα
216 1119 415 1203 καταλαβὼν
438 1115 872 1202 ἀντικατεστρατοπέδευσεν
895 1118 940 1195 ὡς
968 1115 1108 1184 ἐδύνατο

1 1303 2 1326 ,
94 1222 220 1308 μάλιστ’
253 1224 423 1309 ἀγχοτάτω
452 1225 608 1300 σταδίους
634 1224 699 1291 ἀπὸ
728 1232 788 1308 της
808 1222 933 1310 Ῥώμης
955 1225 1109 1310 ἀποσχὼν

1 1351 2 1426 ρ
95 1321 194 1420 ὀλίγφ
217 1334 355 1407 πλείους
383 1331 579 1396 διακοσίων·
606 1335 699 1417 τρίτη
727 1326 758 1395 δ’
786 1328 843 1416 ἀφ’
868 1326 908 1415 ἧς
934 1348 1110 1418 κατεστρα-
1124 1351 1150 1390 1⁰

1 1441 2 1471 λ
93 1435 293 1503 τοπέδευσεν
315 1435 437 1524 ἡμέρᾳ,
466 1439 705 1522 προελθόντων
733 1436 769 1502 ἐκ
796 1448 856 1504 τοῦ
879 1438 1022 1524 χάρακος
1043 1449 1110 1504 τῶν
1212 1446 1220 1456 “

89 1541 251 1628 Ἑρνίκων
279 1543 327 1620 είς
349 1545 387 1608 τὸ
415 1544 532 1608 πεδίον
556 1543 593 1608 έν
622 1541 712 1621 τάξει
734 1539 789 1608 καὶ
812 1544 852 1608 τὰ
875 1541 982 1628 σημεί
1009 1541 1111 1629 ἀράν-

92 1672 158 1714 των
184 1658 245 1733 τῆς
272 1650 394 1735 μάχης,
421 1648 579 1733 ἀντεξῆγε
606 1646 661 1715 καὶ
689 1648 788 1726 αὐτὸς
814 1651 876 1734 τὴν
906 1651 1049 1735 δύναμιν
1074 1649 1111 1715 ἐν

0 1803 1 1844 3
92 1759 205 1846 κόσμῳ
228 1754 341 1821 τεκαὶ
364 1757 447 1822 κατὰ
469 1755 556 1840 τέλη.
602 1754 672 1821 ἐπεὶ
696 1753 726 1844 δ’
749 1755 854 1842 ἀγχού
875 1755 1030 1840 ἐγίνοντο
1054 1755 1146 1822 ‹kz-2

0 1849 1 1922 3
92 1866 205 1947 λήλων
228 1865 330 1929 ἔθεον
352 1861 573 1942 ἀλαλάξαντες
591 1863 704 1948 ὁμόσε,
725 1873 858 1948 πρῶτον
881 1860 942 1948 μὲν
963 1864 999 1929 οί
1018 1861 1112 1942 ψιλοί
1128 1881 1153 1921 1⁶

91 1971 244 2034 σαυνίων
266 1991 302 2034 τε
324 1973 441 2054 βολαῖς
458 1967 514 2034 καὶ
532 1967 707 2053 τοξεύμασι
725 1967 781 2034 καλ
799 1973 910 2048 λίθοις
927 1969 991 2036 ἀπὸ
1011 1987 1112 2054 σφεν-

91 2077 196 2159 δύυης
223 2077 422 2161 μαχόμενοι,
451 2073 507 2140 καὶ
534 2076 640 2141 πολλὰ
667 2077 836 2161 τραύματα
863 2078 984 2141 ἔδοσαν
1013 2075 1113 2160 ἀλλύ-

1 2250 2 2273 χ
91 2187 178 2259 λοις·
215 2184 327 2247 ἔπειτα
364 2183 473 2260 ίππείς
510 2182 644 2247 ἱππεῦσι
682 2182 901 2268 συρράττουσι
932 2177 1003 2246 κατ’
1041 2187 1113 2258 ίλας

1 2319 2 2339 ι
91 2287 292 2366 ἐλαύνοντες
314 2287 370 2354 καί
393 2291 431 2355 τὸ
454 2290 553 2368 πεζὸν
575 2297 620 2377 τῷ
644 2291 728 2376 πεζῷ
751 2288 834 2353 κατὰ
854 2290 989 2374 σπείρας
1011 2290 1112 2374 μαχό-

1 2391 2 2424 ³
38 2411 207 2480 ιιεομενον.
253 2396 340 2460 ἔνθα
369 2396 412 2479 δὴ
435 2396 535 2470 καλὸς
558 2393 649 2477 ἀγὼν
671 2388 715 2478 ἦν
737 2392 892 2478 ἐκθύμως
914 2391 1110 2479 ἀμφοτέρων
1125 2415 1152 2454 ιο

1 2517 4 2592 χ
90 2483 364 2586 ἀγωνιζομένων,
393 2497 449 2564 καὶ
479 2497 574 2585 μέχρι
602 2504 730 2566 πολλοῦ
757 2497 911 2584 διέμενον
940 2497 1111 2585 οὐδέτεροι

1 2648 5 2665 ·
88 2621 160 2686 τοῖς
191 2604 316 2692 ἑτέροις
341 2616 402 2673 τοῦ
429 2608 570 2692 χωρίου,
602 2605 639 2670 ἐν
669 2599 695 2694 ᾧ
724 2605 927 2691 ἐτάχθησαν,
955 2612 1110 2684 εἴκοντες.

1 2720 4 2767 ἰ
89 2718 205 2780 ἔπειτα
233 2713 254 2796 η
282 2711 449 2798 Ῥωμαίων
475 2710 597 2796 ἤρξατο
626 2713 765 2796 κάμνειν
792 2713 937 2798 φάλαγξ,
969 2705 1024 2780 οἷα
1056 2714 1112 2780 διὰ

1 2832 5 2905 ξ
88 2825 223 2888 πολλοῦ
248 2829 310 2885 τοῦ
336 2818 456 2903 μεταξύ
479 2822 605 2905 χρόνον
627 2822 700 2885 τότε
722 2829 854 2904 πρῶτον
877 2819 1111 2906 ἠναγκασμένη

1 2929 2 2956 ί
90 2928 225 3013 ὁμιλεῖν
256 2924 399 3014 πολέμῳ.
453 2933 552 2992 τοῦτο
585 2927 733 2992 συνιδὼν
758 2924 930 3006 Ἀκύλλιος
962 2892 1153 3006 ίκέλευσεξξ

89 3038 174 3114 τούς
200 3032 346 3117 ἀκμῆτας
374 3034 421 3096 ἔτι
448 3030 567 3097 καὶί
528 3035 583 3130 είς
607 3033 687 3099 αὐτὸ
715 3042 814 3099 τοῦτο
843 3034 1114 3119 φυλαττομένους

165 3257 412 3329 4ἈτράιντοΑΒ
486 3259 616 3328 7τὸν]τ
617 3260 700 3313 ῶνΑ
778 3259 1005 3335 12<ἀ>ράτωνν
989 3227 1116 3330 νΒδη-

94 3339 159 3402 μεῐα
127 3331 238 3402 ιαρά
219 3350 294 3384 οιωντ
295 3328 355 3384 νΟ
443 3336 476 3384 14
494 3347 545 3398 pro
565 3259 652 3400 ἀγχοῦ
672 3330 853 3385 scribendum
871 3348 933 3386 esse
951 3333 1114 3400 πλησίονο.

94 3403 185 3457 Ktebs
201 3352 485 3470 Praepositionsadv.
504 3401 517 3454 Ι
535 3403 629 3472 (1884)
645 3420 672 3472 p
689 3407 722 3457 13
797 3408 830 3457 1⁷
849 3422 886 3456 κα
888 3402 898 3456 λ
917 3405 984 3456 εωλο
1003 3411 1115 3473 πρῶτον

94 3491 120 3529 v
136 3478 171 3528 15
191 3471 391 3529 collocandum
410 3488 513 3527 essee.
529 3471 652 3541 Sylburg
724 3478 758 3528 20
777 3465 813 3542 ἦν
832 3490 918 3544 supra
936 3473 987 3530 lin.
1006 3473 1030 3528 Β
