<?xml version="1.0" encoding="UTF-8"?>
<!DOCTYPE html PUBLIC "-//W3C//DTD XHTML 1.0 Transitional//EN"
    "http://www.w3.org/TR/xhtml1/DTD/xhtml1-transitional.dtd">
<html xmlns="http://www.w3.org/1999/xhtml" xml:lang="en" lang="en">
 <head>
  <title>
</title>
<meta http-equiv="Content-Type" content="text/html;charset=utf-8" />
  <meta name='ocr-system' content='tesseract 3.04.00' />
  <meta name='ocr-capabilities' content='ocr_page ocr_carea ocr_par ocr_line ocrx_word'/>
</head>
<body>
  <div class='ocr_page' id='page_1' title='image "./antiquitatumrom02jacogoog_0310.png"; bbox 0 0 2508 3882; ppageno 0'>
   <div class='ocr_carea' id='block_1_1' title="bbox 510 199 1097 263">
    <p class='ocr_par' dir='ltr' id='par_1_1' title="bbox 510 199 1097 263">
     <span class='ocr_line' id='line_1_1' title="bbox 510 199 1097 263; baseline 0 0"><span class='ocrx_word' id='word_1_1' title='bbox 510 199 676 251; x_wconf 85' lang='grc' dir='ltr'><strong><em>-Θ-</em></strong></span> <span class='ocrx_word' id='word_1_2' title='bbox 1032 199 1097 263; x_wconf 81' lang='grc'><strong><em>279</em></strong></span> 
     </span>
    </p>
   </div>
   <div class='ocr_carea' id='block_1_2' title="bbox 39 357 1194 3206">
    <p class='ocr_par' dir='ltr' id='par_1_2' title="bbox 39 357 1194 3206">
     <span class='ocr_line' id='line_1_2' title="bbox 98 357 1098 448; baseline 0.002 -24"><span class='ocrx_word' id='word_1_3' title='bbox 98 357 249 441; x_wconf 78' lang='grc' dir='ltr'><strong><em>γένωνται</em></strong></span> <span class='ocrx_word' id='word_1_4' title='bbox 268 361 486 446; x_wconf 74' lang='grc' dir='ltr'><strong><em>στασιαζούσῃ</em></strong></span> <span class='ocrx_word' id='word_1_5' title='bbox 506 359 646 444; x_wconf 77' lang='grc' dir='ltr'><em>δυνάμει</em></span> <span class='ocrx_word' id='word_1_6' title='bbox 665 368 704 445; x_wconf 83' lang='grc' dir='ltr'><strong><em>τή</em></strong></span> <span class='ocrx_word' id='word_1_7' title='bbox 723 359 867 448; x_wconf 76' lang='grc' dir='ltr'><strong><em>σφετέρᾳ</em></strong></span> <span class='ocrx_word' id='word_1_8' title='bbox 884 363 966 444; x_wconf 91' lang='grc' dir='ltr'><strong><em>πρὸς</em></strong></span> <span class='ocrx_word' id='word_1_9' title='bbox 980 361 1098 446; x_wconf 80' lang='grc' dir='ltr'><strong><em>ὁμονο-</em></strong></span> 
     </span>
     <span class='ocr_line' id='line_1_3' title="bbox 97 464 1097 554; baseline 0.002 -24"><span class='ocrx_word' id='word_1_10' title='bbox 97 473 196 530; x_wconf 84' lang='grc' dir='ltr'><strong><em>οῦσαν</em></strong></span> <span class='ocrx_word' id='word_1_11' title='bbox 217 464 277 547; x_wconf 86' lang='grc' dir='ltr'><strong><em>τήν</em></strong></span> <span class='ocrx_word' id='word_1_12' title='bbox 299 476 367 530; x_wconf 83' lang='grc' dir='ltr'><strong><em>τῶν</em></strong></span> <span class='ocrx_word' id='word_1_13' title='bbox 384 468 551 550; x_wconf 89' lang='grc' dir='ltr'><strong><em>πολεμίων</em></strong></span> <span class='ocrx_word' id='word_1_14' title='bbox 570 464 818 550; x_wconf 78' lang='grc' dir='ltr'><strong><em>ἀντιταξάμενοι</em></strong></span> <span class='ocrx_word' id='word_1_15' title='bbox 837 465 1097 554; x_wconf 75' lang='grc' dir='ltr'><strong><em>ὑπερβαλέσθαι·</em></strong></span> 
     </span>
     <span class='ocr_line' id='line_1_4' title="bbox 96 566 1100 666; baseline 0.003 -31"><span class='ocrx_word' id='word_1_16' title='bbox 96 569 197 636; x_wconf 87' lang='grc' dir='ltr'><strong><em>έδόιιει</em></strong></span> <span class='ocrx_word' id='word_1_17' title='bbox 219 566 247 635; x_wconf 90' lang='grc' dir='ltr'><strong><em>τ’</em></strong></span> <span class='ocrx_word' id='word_1_18' title='bbox 270 569 382 649; x_wconf 78' lang='grc' dir='ltr'><strong><em>αὐτοῖς</em></strong></span> <span class='ocrx_word' id='word_1_19' title='bbox 405 569 673 666; x_wconf 86' lang='grc' dir='ltr'><strong><em>ὀχυρωσαμένοις</em></strong></span> <span class='ocrx_word' id='word_1_20' title='bbox 693 573 733 636; x_wconf 78' lang='grc' dir='ltr'><strong><em>τά</em></strong></span> <span class='ocrx_word' id='word_1_21' title='bbox 751 574 955 658; x_wconf 84' lang='grc' dir='ltr'><strong><em>στρατόπεδα</em></strong></span> <span class='ocrx_word' id='word_1_22' title='bbox 972 577 1100 658; x_wconf 79' lang='grc' dir='ltr'><strong><em>τρίβειν</em></strong></span> 
     </span>
     <span class='ocr_line' id='line_1_5' title="bbox 94 676 1155 763; baseline 0.004 -23"><span class='ocrx_word' id='word_1_23' title='bbox 94 679 148 742; x_wconf 85' lang='grc' dir='ltr'><strong><em>τὸν</em></strong></span> <span class='ocrx_word' id='word_1_24' title='bbox 175 678 320 760; x_wconf 89' lang='grc' dir='ltr'><strong><em>πόλεμον</em></strong></span> <span class='ocrx_word' id='word_1_25' title='bbox 348 676 591 763; x_wconf 84' lang='grc' dir='ltr'><strong><em>ἐκδεχομένοις,</em></strong></span> <span class='ocrx_word' id='word_1_26' title='bbox 623 683 658 742; x_wconf 84' lang='grc' dir='ltr'><strong><em>εί</em></strong></span> <span class='ocrx_word' id='word_1_27' title='bbox 681 701 755 743; x_wconf 89' lang='grc' dir='ltr'><strong><em>τινα</em></strong></span> <span class='ocrx_word' id='word_1_28' title='bbox 784 679 883 743; x_wconf 83' lang='grc' dir='ltr'><strong><em>δώσει</em></strong></span> <span class='ocrx_word' id='word_1_29' title='bbox 910 677 1100 758; x_wconf 77' lang='grc' dir='ltr'><strong><em>πλεονεξίας</em></strong></span> <span class='ocrx_word' id='word_1_30' title='bbox 1130 689 1155 724; x_wconf 48' lang='grc' dir='ltr'><strong><em>τ’</em></strong></span> 
     </span>
     <span class='ocr_line' id='line_1_6' title="bbox 92 781 1140 874; baseline 0.001 -28"><span class='ocrx_word' id='word_1_31' title='bbox 92 781 241 867; x_wconf 77' lang='grc' dir='ltr'><strong><em>ἀφορμήν</em></strong></span> <span class='ocrx_word' id='word_1_32' title='bbox 274 782 388 858; x_wconf 73' lang='grc' dir='ltr'><strong><em>αὐτοῖς</em></strong></span> <span class='ocrx_word' id='word_1_33' title='bbox 416 785 453 848; x_wconf 86' lang='grc' dir='ltr'><strong><em>τὸ</em></strong></span> <span class='ocrx_word' id='word_1_34' title='bbox 483 794 550 848; x_wconf 80' lang='grc' dir='ltr'><strong><em>τῶν</em></strong></span> <span class='ocrx_word' id='word_1_35' title='bbox 580 786 749 867; x_wconf 91' lang='grc' dir='ltr'><strong><em>πολεμίων</em></strong></span> <span class='ocrx_word' id='word_1_36' title='bbox 777 783 906 868; x_wconf 88' lang='grc' dir='ltr'><strong><em>θράσος</em></strong></span> <span class='ocrx_word' id='word_1_37' title='bbox 935 782 1099 874; x_wconf 75' lang='grc' dir='ltr'><strong><em>ἀλογίστῳ</em></strong></span> <span class='ocrx_word' id='word_1_38' title='bbox 1126 807 1140 847; x_wconf 88' lang='grc' dir='ltr'><strong><em>ι</em></strong></span> 
     </span>
     <span class='ocr_line' id='line_1_7' title="bbox 93 885 1099 975; baseline 0.004 -23"><span class='ocrx_word' id='word_1_39' title='bbox 93 889 331 974; x_wconf 77' lang='grc' dir='ltr'><strong><em>καταφρονήσει</em></strong></span> <span class='ocrx_word' id='word_1_40' title='bbox 359 886 515 974; x_wconf 85' lang='grc' dir='ltr'><strong><em>ἐπαρθέν.</em></strong></span> <span class='ocrx_word' id='word_1_41' title='bbox 561 885 799 975; x_wconf 75' lang='grc' dir='ltr'><strong><em>ἀκροβολισμοὶ</em></strong></span> <span class='ocrx_word' id='word_1_42' title='bbox 826 889 868 972; x_wconf 85' lang='grc' dir='ltr'><strong><em>δή</em></strong></span> <span class='ocrx_word' id='word_1_43' title='bbox 896 891 977 973; x_wconf 86' lang='grc' dir='ltr'><strong><em>μετὰ</em></strong></span> <span class='ocrx_word' id='word_1_44' title='bbox 1002 900 1099 956; x_wconf 88' lang='grc' dir='ltr'><strong><em>τοῦτο</em></strong></span> 
     </span>
     <span class='ocr_line' id='line_1_8' title="bbox 92 992 1099 1082; baseline 0.003 -25"><span class='ocrx_word' id='word_1_45' title='bbox 92 1005 236 1079; x_wconf 75' lang='grc' dir='ltr'><strong><em>συνεχεῖς</em></strong></span> <span class='ocrx_word' id='word_1_46' title='bbox 259 993 410 1077; x_wconf 89' lang='grc' dir='ltr'><strong><em>ἐγίνοντο</em></strong></span> <span class='ocrx_word' id='word_1_47' title='bbox 428 992 483 1060; x_wconf 83' lang='grc' dir='ltr'><strong><em>καὶ</em></strong></span> <span class='ocrx_word' id='word_1_48' title='bbox 501 1000 610 1074; x_wconf 76' lang='grc' dir='ltr'><strong><em>ψιλῶν</em></strong></span> <span class='ocrx_word' id='word_1_49' title='bbox 629 993 814 1080; x_wconf 81' lang='grc' dir='ltr'><strong><em>συμπλοκαὶ</em></strong></span> <span class='ocrx_word' id='word_1_50' title='bbox 833 999 994 1082; x_wconf 79' lang='grc' dir='ltr'><strong><em>βραχεῖαι,</em></strong></span> <span class='ocrx_word' id='word_1_51' title='bbox 1017 993 1099 1080; x_wconf 91' lang='grc' dir='ltr'><strong><em>μέγα</em></strong></span> 
     </span>
     <span class='ocr_line' id='line_1_9' title="bbox 93 1098 591 1187; baseline 0.002 -24"><span class='ocrx_word' id='word_1_52' title='bbox 93 1098 119 1163; x_wconf 89' lang='grc' dir='ltr'><strong><em>δ’</em></strong></span> <span class='ocrx_word' id='word_1_53' title='bbox 143 1099 163 1182; x_wconf 87' lang='grc' dir='ltr'><strong><em>ή</em></strong></span> <span class='ocrx_word' id='word_1_54' title='bbox 186 1102 337 1186; x_wconf 81' lang='grc' dir='ltr'><strong><em>λαμπρὸν</em></strong></span> <span class='ocrx_word' id='word_1_55' title='bbox 359 1102 459 1187; x_wconf 81' lang='grc' dir='ltr'><strong><em>ἔργον</em></strong></span> <span class='ocrx_word' id='word_1_56' title='bbox 482 1100 591 1166; x_wconf 85' lang='grc' dir='ltr'><strong><em>οὐδέν.</em></strong></span> 
     </span>
     <span class='ocr_line' id='line_1_10' title="bbox 154 1201 1100 1293; baseline 0.004 -25"><span class='ocrx_word' id='word_1_57' title='bbox 154 1204 211 1270; x_wconf 84' lang='lat' dir='ltr'><strong><em>VI.</em></strong></span> <span class='ocrx_word' id='word_1_58' title='bbox 247 1207 293 1270; x_wconf 90' lang='grc' dir='ltr'><strong><em>Οί</em></strong></span> <span class='ocrx_word' id='word_1_59' title='bbox 318 1201 355 1272; x_wconf 73' lang='grc' dir='ltr'><strong><em>δὲ</em></strong></span> <span class='ocrx_word' id='word_1_60' title='bbox 383 1205 548 1292; x_wconf 71' lang='grc' dir='ltr'><strong><em>Τυρρηνοὶ</em></strong></span> <span class='ocrx_word' id='word_1_61' title='bbox 571 1205 754 1292; x_wconf 80' lang='grc' dir='ltr'><strong><em>ἀχθόμενοι</em></strong></span> <span class='ocrx_word' id='word_1_62' title='bbox 777 1215 816 1292; x_wconf 81' lang='grc' dir='ltr'><strong><em>τή</em></strong></span> <span class='ocrx_word' id='word_1_63' title='bbox 839 1211 935 1293; x_wconf 75' lang='grc' dir='ltr'><strong><em>τριβῇ</em></strong></span> <span class='ocrx_word' id='word_1_64' title='bbox 958 1215 1018 1272; x_wconf 85' lang='grc' dir='ltr'><strong><em>τοῦ</em></strong></span> <span class='ocrx_word' id='word_1_65' title='bbox 1041 1228 1100 1273; x_wconf 89' lang='grc' dir='ltr'><strong><em>πο-</em></strong></span> 
     </span>
     <span class='ocr_line' id='line_1_11' title="bbox 39 1309 1140 1396; baseline 0.005 -24"><span class='ocrx_word' id='word_1_66' title='bbox 39 1309 188 1395; x_wconf 79' lang='grc' dir='ltr'><strong><em>ιιιιλέμαυ</em></strong></span> <span class='ocrx_word' id='word_1_67' title='bbox 214 1313 342 1377; x_wconf 78' lang='grc' dir='ltr'><strong><em>δειλίαν</em></strong></span> <span class='ocrx_word' id='word_1_68' title='bbox 365 1310 393 1376; x_wconf 92' lang='grc' dir='ltr'><strong><em>τ’</em></strong></span> <span class='ocrx_word' id='word_1_69' title='bbox 417 1313 588 1390; x_wconf 79' lang='grc' dir='ltr'><strong><em>ὠνείδιζον</em></strong></span> <span class='ocrx_word' id='word_1_70' title='bbox 610 1323 679 1388; x_wconf 79' lang='grc' dir='ltr'><strong><em>τοῖς</em></strong></span> <span class='ocrx_word' id='word_1_71' title='bbox 696 1309 879 1396; x_wconf 90' lang='grc' dir='ltr'><strong><em>Ῥωμαίοις,</em></strong></span> <span class='ocrx_word' id='word_1_72' title='bbox 903 1311 1015 1396; x_wconf 87' lang='grc' dir='ltr'><strong><em>ἐπειδή</em></strong></span> <span class='ocrx_word' id='word_1_73' title='bbox 1039 1312 1100 1378; x_wconf 84' lang='grc' dir='ltr'><strong><em>οὑκ</em></strong></span> <span class='ocrx_word' id='word_1_74' title='bbox 1115 1340 1140 1378; x_wconf 90' lang='lat'><strong><em>10</em></strong></span> 
     </span>
     <span class='ocr_line' id='line_1_12' title="bbox 92 1415 1100 1504; baseline 0.003 -23"><span class='ocrx_word' id='word_1_75' title='bbox 92 1415 226 1502; x_wconf 78' lang='grc' dir='ltr'><strong><em>ἐξῄεσαν</em></strong></span> <span class='ocrx_word' id='word_1_76' title='bbox 257 1420 304 1494; x_wconf 87' lang='grc' dir='ltr'><strong><em>είς</em></strong></span> <span class='ocrx_word' id='word_1_77' title='bbox 333 1417 456 1503; x_wconf 80' lang='grc' dir='ltr'><strong><em>μάχην,</em></strong></span> <span class='ocrx_word' id='word_1_78' title='bbox 485 1416 540 1483; x_wconf 83' lang='grc' dir='ltr'><strong><em>καὶ</em></strong></span> <span class='ocrx_word' id='word_1_79' title='bbox 569 1418 614 1494; x_wconf 84' lang='grc' dir='ltr'><strong><em>ὡς</em></strong></span> <span class='ocrx_word' id='word_1_80' title='bbox 640 1420 963 1504; x_wconf 83' lang='grc' dir='ltr'><strong><em>παρακεχωρηκότων</em></strong></span> <span class='ocrx_word' id='word_1_81' title='bbox 990 1419 1100 1484; x_wconf 81' lang='grc' dir='ltr'><strong><em>αὐτῶν</em></strong></span> 
     </span>
     <span class='ocr_line' id='line_1_13' title="bbox 92 1520 1100 1608; baseline 0.003 -22"><span class='ocrx_word' id='word_1_82' title='bbox 92 1527 181 1607; x_wconf 91' lang='grc' dir='ltr'><strong><em>σφίσι</em></strong></span> <span class='ocrx_word' id='word_1_83' title='bbox 210 1529 266 1607; x_wconf 88' lang='grc' dir='ltr'><strong><em>τής</em></strong></span> <span class='ocrx_word' id='word_1_84' title='bbox 293 1522 463 1608; x_wconf 76' lang='grc' dir='ltr'><strong><em>ὑπαίθρου</em></strong></span> <span class='ocrx_word' id='word_1_85' title='bbox 491 1521 574 1607; x_wconf 87' lang='grc' dir='ltr'><strong><em>μέγα</em></strong></span> <span class='ocrx_word' id='word_1_86' title='bbox 604 1521 780 1608; x_wconf 90' lang='grc' dir='ltr'><strong><em>ἐφρόνουν.</em></strong></span> <span class='ocrx_word' id='word_1_87' title='bbox 825 1520 880 1588; x_wconf 84' lang='grc' dir='ltr'><strong><em>καὶ</em></strong></span> <span class='ocrx_word' id='word_1_88' title='bbox 903 1525 951 1588; x_wconf 76' lang='grc' dir='ltr'><strong><em>ἔτι</em></strong></span> <span class='ocrx_word' id='word_1_89' title='bbox 974 1528 1100 1607; x_wconf 87' lang='grc' dir='ltr'><strong><em>μᾶλλον</em></strong></span> 
     </span>
     <span class='ocr_line' id='line_1_14' title="bbox 93 1627 1100 1716; baseline 0.002 -24"><span class='ocrx_word' id='word_1_90' title='bbox 93 1629 282 1714; x_wconf 79' lang='grc' dir='ltr'><strong><em>ἐπήρθησαν</em></strong></span> <span class='ocrx_word' id='word_1_91' title='bbox 310 1630 357 1705; x_wconf 87' lang='grc' dir='ltr'><strong><em>είς</em></strong></span> <span class='ocrx_word' id='word_1_92' title='bbox 384 1629 570 1712; x_wconf 81' lang='grc' dir='ltr'><strong><em>ὑπεροψίαν</em></strong></span> <span class='ocrx_word' id='word_1_93' title='bbox 592 1638 653 1695; x_wconf 89' lang='grc' dir='ltr'><strong><em>τοῦ</em></strong></span> <span class='ocrx_word' id='word_1_94' title='bbox 676 1627 857 1694; x_wconf 89' lang='grc' dir='ltr'><strong><em>άντιπάλου</em></strong></span> <span class='ocrx_word' id='word_1_95' title='bbox 880 1639 1023 1716; x_wconf 90' lang='grc' dir='ltr'><strong><em>στρατοῦ</em></strong></span> <span class='ocrx_word' id='word_1_96' title='bbox 1045 1627 1100 1695; x_wconf 78' lang='grc' dir='ltr'><strong><em>καὶ</em></strong></span> 
     </span>
     <span class='ocr_line' id='line_1_15' title="bbox 93 1733 1100 1820; baseline 0.001 -21"><span class='ocrx_word' id='word_1_97' title='bbox 93 1737 337 1820; x_wconf 81' lang='grc' dir='ltr'><strong><em>καταφρόνησιν</em></strong></span> <span class='ocrx_word' id='word_1_98' title='bbox 359 1745 427 1800; x_wconf 80' lang='grc' dir='ltr'><strong><em>τῶν</em></strong></span> <span class='ocrx_word' id='word_1_99' title='bbox 450 1736 585 1801; x_wconf 89' lang='grc' dir='ltr'><strong><em>ὑπάτων</em></strong></span> <span class='ocrx_word' id='word_1_100' title='bbox 608 1735 763 1813; x_wconf 82' lang='grc' dir='ltr'><strong><em>δόξαντες</em></strong></span> <span class='ocrx_word' id='word_1_101' title='bbox 783 1733 840 1801; x_wconf 81' lang='grc' dir='ltr'><strong><em>καί</em></strong></span> <span class='ocrx_word' id='word_1_102' title='bbox 863 1737 900 1801; x_wconf 90' lang='grc' dir='ltr'><strong><em>τὸ</em></strong></span> <span class='ocrx_word' id='word_1_103' title='bbox 922 1741 1020 1801; x_wconf 77' lang='grc' dir='ltr'><strong><em>θείου</em></strong></span> <span class='ocrx_word' id='word_1_104' title='bbox 1042 1735 1100 1800; x_wconf 91' lang='grc' dir='ltr'><strong><em>αὑ-</em></strong></span> 
     </span>
     <span class='ocr_line' id='line_1_16' title="bbox 92 1830 1140 1944; baseline 0.001 -39"><span class='ocrx_word' id='word_1_105' title='bbox 92 1853 155 1918; x_wconf 83' lang='grc' dir='ltr'><strong><em>τοῖς</em></strong></span> <span class='ocrx_word' id='word_1_106' title='bbox 184 1853 378 1927; x_wconf 75' lang='grc' dir='ltr'><strong><em>συμμαχεῖν.</em></strong></span> <span class='ocrx_word' id='word_1_107' title='bbox 423 1850 484 1906; x_wconf 87' lang='grc' dir='ltr'><strong><em>τοῦ</em></strong></span> <span class='ocrx_word' id='word_1_108' title='bbox 506 1842 569 1927; x_wconf 85' lang='grc' dir='ltr'><strong><em>γὰρ</em></strong></span> <span class='ocrx_word' id='word_1_109' title='bbox 593 1839 707 1927; x_wconf 85' lang='grc' dir='ltr'><strong><em>ἐτέρου</em></strong></span> <span class='ocrx_word' id='word_1_110' title='bbox 730 1852 796 1907; x_wconf 83' lang='grc' dir='ltr'><strong><em>τῶν</em></strong></span> <span class='ocrx_word' id='word_1_111' title='bbox 818 1842 954 1908; x_wconf 88' lang='grc' dir='ltr'><strong><em>ὑπάτων</em></strong></span> <span class='ocrx_word' id='word_1_112' title='bbox 977 1830 1140 1944; x_wconf 63' lang='grc' dir='ltr'><strong><em>λἹναΐου12ὖ</em></strong></span> 
     </span>
     <span class='ocr_line' id='line_1_17' title="bbox 92 1946 1100 2033; baseline 0 -21"><span class='ocrx_word' id='word_1_113' title='bbox 92 1950 245 2013; x_wconf 87' lang='grc' dir='ltr'><strong><em>Μαλλίου</em></strong></span> <span class='ocrx_word' id='word_1_114' title='bbox 273 1948 433 2028; x_wconf 87' lang='grc' dir='ltr'><strong><em>κεραυνὸς</em></strong></span> <span class='ocrx_word' id='word_1_115' title='bbox 461 1948 508 2023; x_wconf 85' lang='grc' dir='ltr'><strong><em>είς</em></strong></span> <span class='ocrx_word' id='word_1_116' title='bbox 529 1948 567 2013; x_wconf 87' lang='grc' dir='ltr'><strong><em>τὸ</em></strong></span> <span class='ocrx_word' id='word_1_117' title='bbox 591 1949 789 2032; x_wconf 78' lang='grc' dir='ltr'><strong><em>στρατήγιον</em></strong></span> <span class='ocrx_word' id='word_1_118' title='bbox 812 1946 961 2033; x_wconf 83' lang='grc' dir='ltr'><strong><em>ἐμπεσὼν</em></strong></span> <span class='ocrx_word' id='word_1_119' title='bbox 983 1950 1043 2031; x_wconf 89' lang='grc' dir='ltr'><strong><em>τήν</em></strong></span> <span class='ocrx_word' id='word_1_120' title='bbox 1066 1971 1100 2012; x_wconf 90' lang='grc' dir='ltr'><strong><em>τε</em></strong></span> 
     </span>
     <span class='ocr_line' id='line_1_18' title="bbox 94 2049 1101 2138; baseline -0.002 -20"><span class='ocrx_word' id='word_1_121' title='bbox 94 2053 215 2136; x_wconf 87' lang='grc' dir='ltr'><strong><em>σκηνήν</em></strong></span> <span class='ocrx_word' id='word_1_122' title='bbox 239 2049 394 2118; x_wconf 76' lang='grc' dir='ltr'><strong><em>διέσπασε</em></strong></span> <span class='ocrx_word' id='word_1_123' title='bbox 418 2049 472 2118; x_wconf 79' lang='grc' dir='ltr'><strong><em>καὶ</em></strong></span> <span class='ocrx_word' id='word_1_124' title='bbox 497 2053 557 2135; x_wconf 86' lang='grc' dir='ltr'><strong><em>τήν</em></strong></span> <span class='ocrx_word' id='word_1_125' title='bbox 578 2050 688 2118; x_wconf 80' lang='grc' dir='ltr'><strong><em>ἑστίαν</em></strong></span> <span class='ocrx_word' id='word_1_126' title='bbox 708 2051 866 2138; x_wconf 79' lang='grc' dir='ltr'><strong><em>ἀνέτρεψε</em></strong></span> <span class='ocrx_word' id='word_1_127' title='bbox 884 2051 939 2118; x_wconf 83' lang='grc' dir='ltr'><strong><em>καὶ</em></strong></span> <span class='ocrx_word' id='word_1_128' title='bbox 957 2064 1024 2116; x_wconf 82' lang='grc' dir='ltr'><strong><em>τῶν</em></strong></span> <span class='ocrx_word' id='word_1_129' title='bbox 1042 2075 1101 2117; x_wconf 91' lang='grc' dir='ltr'><strong><em>πο-</em></strong></span> 
     </span>
     <span class='ocr_line' id='line_1_19' title="bbox 94 2153 1187 2251; baseline -0.002 -28"><span class='ocrx_word' id='word_1_130' title='bbox 94 2161 309 2244; x_wconf 89' lang='grc' dir='ltr'><strong><em>λεμιστηρίων</em></strong></span> <span class='ocrx_word' id='word_1_131' title='bbox 324 2157 436 2223; x_wconf 83' lang='grc' dir='ltr'><strong><em>ὅπλων</em></strong></span> <span class='ocrx_word' id='word_1_132' title='bbox 455 2158 494 2222; x_wconf 83' lang='grc' dir='ltr'><strong><em>τά</em></strong></span> <span class='ocrx_word' id='word_1_133' title='bbox 515 2153 576 2242; x_wconf 72' lang='grc' dir='ltr'><strong><em>μὲν</em></strong></span> <span class='ocrx_word' id='word_1_134' title='bbox 594 2157 765 2238; x_wconf 88' lang='grc' dir='ltr'><strong><em>ἐσπίλωσε,</em></strong></span> <span class='ocrx_word' id='word_1_135' title='bbox 784 2158 824 2221; x_wconf 83' lang='grc' dir='ltr'><strong><em>τά</em></strong></span> <span class='ocrx_word' id='word_1_136' title='bbox 844 2153 881 2221; x_wconf 71' lang='grc' dir='ltr'><strong><em>δὲ</em></strong></span> <span class='ocrx_word' id='word_1_137' title='bbox 896 2156 1101 2243; x_wconf 83' lang='grc' dir='ltr'><strong><em>περιέκαυσε,</em></strong></span> <span class='ocrx_word' id='word_1_138' title='bbox 1182 2239 1187 2251; x_wconf 17' lang='grc' dir='ltr'>ἱ</span> 
     </span>
     <span class='ocr_line' id='line_1_20' title="bbox 93 2254 1194 2347; baseline -0.003 -19"><span class='ocrx_word' id='word_1_139' title='bbox 93 2267 128 2328; x_wconf 82' lang='grc' dir='ltr'><strong><em>τὰ</em></strong></span> <span class='ocrx_word' id='word_1_140' title='bbox 156 2262 186 2329; x_wconf 88' lang='grc' dir='ltr'><strong><em>δ’</em></strong></span> <span class='ocrx_word' id='word_1_141' title='bbox 196 2266 263 2340; x_wconf 73' lang='grc' dir='ltr'><strong><em>(είς</em></strong></span> <span class='ocrx_word' id='word_1_142' title='bbox 285 2262 379 2340; x_wconf 91' lang='grc' dir='ltr'><strong><em>τέλος</em></strong></span> <span class='ocrx_word' id='word_1_143' title='bbox 401 2264 579 2347; x_wconf 78' lang='grc' dir='ltr'><strong><em>ἠφάνισεν·</em></strong></span> <span class='ocrx_word' id='word_1_144' title='bbox 611 2261 779 2328; x_wconf 77' lang='grc' dir='ltr'><strong><em>ἀπέκτεινε</em></strong></span> <span class='ocrx_word' id='word_1_145' title='bbox 802 2257 839 2326; x_wconf 77' lang='grc' dir='ltr'><strong><em>δέ</em></strong></span> <span class='ocrx_word' id='word_1_146' title='bbox 861 2260 916 2325; x_wconf 78' lang='grc' dir='ltr'><strong><em>καί</em></strong></span> <span class='ocrx_word' id='word_1_147' title='bbox 939 2265 997 2328; x_wconf 84' lang='grc' dir='ltr'><strong><em>τὸν</em></strong></span> <span class='ocrx_word' id='word_1_148' title='bbox 1020 2269 1100 2347; x_wconf 84' lang='grc' dir='ltr'><strong><em>λαμ·</em></strong></span> <span class='ocrx_word' id='word_1_149' title='bbox 1186 2254 1194 2269; x_wconf 57' lang='grc'><strong><em>“’</em></strong></span> 
     </span>
     <span class='ocr_line' id='line_1_21' title="bbox 93 2361 1141 2455; baseline 0.003 -21"><span class='ocrx_word' id='word_1_150' title='bbox 93 2373 254 2455; x_wconf 91' lang='grc' dir='ltr'><strong><em>πρότατον</em></strong></span> <span class='ocrx_word' id='word_1_151' title='bbox 286 2370 389 2436; x_wconf 83' lang='grc' dir='ltr'><strong><em>αὑτοῦ</em></strong></span> <span class='ocrx_word' id='word_1_152' title='bbox 424 2379 492 2434; x_wconf 80' lang='grc' dir='ltr'><strong><em>τῶν</em></strong></span> <span class='ocrx_word' id='word_1_153' title='bbox 524 2369 649 2451; x_wconf 82' lang='grc' dir='ltr'><strong><em>ἵππων,</em></strong></span> <span class='ocrx_word' id='word_1_154' title='bbox 686 2361 711 2455; x_wconf 76' lang='grc' dir='ltr'><em>ᾧ</em></span> <span class='ocrx_word' id='word_1_155' title='bbox 743 2369 831 2452; x_wconf 81' lang='grc' dir='ltr'><strong><em>παρὰ</em></strong></span> <span class='ocrx_word' id='word_1_156' title='bbox 862 2370 941 2444; x_wconf 85' lang='grc' dir='ltr'><strong><em>τοὺς</em></strong></span> <span class='ocrx_word' id='word_1_157' title='bbox 972 2366 1102 2451; x_wconf 80' lang='grc' dir='ltr'><strong><em>ἀγῶνας</em></strong></span> <span class='ocrx_word' id='word_1_158' title='bbox 1115 2399 1141 2437; x_wconf 82' lang='grc' dir='ltr'><strong><em>ιο</em></strong></span> 
     </span>
     <span class='ocr_line' id='line_1_22' title="bbox 95 2470 1136 2561; baseline 0.004 -22"><span class='ocrx_word' id='word_1_159' title='bbox 95 2475 219 2561; x_wconf 77' lang='grc' dir='ltr'><strong><em>ἐχρῆτο,</em></strong></span> <span class='ocrx_word' id='word_1_160' title='bbox 241 2473 296 2540; x_wconf 82' lang='grc' dir='ltr'><strong><em>καλ</em></strong></span> <span class='ocrx_word' id='word_1_161' title='bbox 319 2487 385 2542; x_wconf 82' lang='grc' dir='ltr'><strong><em>τῶν</em></strong></span> <span class='ocrx_word' id='word_1_162' title='bbox 408 2478 627 2560; x_wconf 86' lang='grc' dir='ltr'><strong><em>θεραπόντων</em></strong></span> <span class='ocrx_word' id='word_1_163' title='bbox 650 2474 751 2550; x_wconf 90' lang='grc' dir='ltr'><strong><em>τινάς.</em></strong></span> <span class='ocrx_word' id='word_1_164' title='bbox 788 2476 954 2556; x_wconf 87' lang='grc' dir='ltr'><strong><em>λεγόντων</em></strong></span> <span class='ocrx_word' id='word_1_165' title='bbox 975 2470 1011 2539; x_wconf 77' lang='grc' dir='ltr'><strong><em>δέ</em></strong></span> <span class='ocrx_word' id='word_1_166' title='bbox 1034 2479 1136 2543; x_wconf 83' lang='grc' dir='ltr'><strong><em>τῶν3</em></strong></span> 
     </span>
     <span class='ocr_line' id='line_1_23' title="bbox 95 2581 1102 2667; baseline -0.002 -21"><span class='ocrx_word' id='word_1_167' title='bbox 95 2583 241 2665; x_wconf 87' lang='grc' dir='ltr'><strong><em>μάντεων</em></strong></span> <span class='ocrx_word' id='word_1_168' title='bbox 269 2591 330 2648; x_wconf 88' lang='grc' dir='ltr'><strong><em>τοῦ</em></strong></span> <span class='ocrx_word' id='word_1_169' title='bbox 360 2605 395 2646; x_wconf 87' lang='grc' dir='ltr'><strong><em>τε</em></strong></span> <span class='ocrx_word' id='word_1_170' title='bbox 427 2581 568 2667; x_wconf 86' lang='grc' dir='ltr'><strong><em>χάρακος</em></strong></span> <span class='ocrx_word' id='word_1_171' title='bbox 600 2582 725 2646; x_wconf 83' lang='grc' dir='ltr'><strong><em>ἅλωσιν</em></strong></span> <span class='ocrx_word' id='word_1_172' title='bbox 757 2584 996 2665; x_wconf 89' lang='grc' dir='ltr'><strong><em>προσημαίνειν</em></strong></span> <span class='ocrx_word' id='word_1_173' title='bbox 1025 2583 1102 2658; x_wconf 83' lang='grc' dir='ltr'><strong><em>τοὺς</em></strong></span> 
     </span>
     <span class='ocr_line' id='line_1_24' title="bbox 93 2685 1102 2772; baseline -0.003 -19"><span class='ocrx_word' id='word_1_174' title='bbox 93 2691 192 2765; x_wconf 87' lang='grc' dir='ltr'><strong><em>θεοὺς</em></strong></span> <span class='ocrx_word' id='word_1_175' title='bbox 214 2686 269 2753; x_wconf 78' lang='grc' dir='ltr'><strong><em>καὶ</em></strong></span> <span class='ocrx_word' id='word_1_176' title='bbox 292 2697 358 2754; x_wconf 78' lang='grc' dir='ltr'><strong><em>τῶν</em></strong></span> <span class='ocrx_word' id='word_1_177' title='bbox 381 2687 648 2772; x_wconf 82' lang='grc' dir='ltr'><strong><em>ἐπιφανεστάτων</em></strong></span> <span class='ocrx_word' id='word_1_178' title='bbox 672 2685 805 2771; x_wconf 82' lang='grc' dir='ltr'><strong><em>ἀνδρῶν</em></strong></span> <span class='ocrx_word' id='word_1_179' title='bbox 824 2685 1001 2771; x_wconf 82' lang='grc' dir='ltr'><strong><em>ἀπώλειαν,</em></strong></span> <span class='ocrx_word' id='word_1_180' title='bbox 1023 2686 1102 2751; x_wconf 86' lang='grc' dir='ltr'><strong><em>ἀνα-</em></strong></span> 
     </span>
     <span class='ocr_line' id='line_1_25' title="bbox 95 2791 1103 2879; baseline -0.001 -20"><span class='ocrx_word' id='word_1_181' title='bbox 95 2797 212 2879; x_wconf 80' lang='grc' dir='ltr'><strong><em>στήσας</em></strong></span> <span class='ocrx_word' id='word_1_182' title='bbox 248 2794 309 2876; x_wconf 79' lang='grc' dir='ltr'><strong><em>τήν</em></strong></span> <span class='ocrx_word' id='word_1_183' title='bbox 346 2795 490 2878; x_wconf 83' lang='grc' dir='ltr'><strong><em>δύναμιν</em></strong></span> <span class='ocrx_word' id='word_1_184' title='bbox 524 2793 542 2860; x_wconf 90' lang='grc' dir='ltr'><strong><em>ὑ</em></strong></span> <span class='ocrx_word' id='word_1_185' title='bbox 575 2793 727 2868; x_wconf 86' lang='grc' dir='ltr'><strong><em>Μάλλιος</em></strong></span> <span class='ocrx_word' id='word_1_186' title='bbox 759 2791 864 2875; x_wconf 88' lang='grc' dir='ltr'><strong><em>ιἰπήγε</em></strong></span> <span class='ocrx_word' id='word_1_187' title='bbox 894 2791 969 2878; x_wconf 78' lang='grc' dir='ltr'><strong><em>περὶ</em></strong></span> <span class='ocrx_word' id='word_1_188' title='bbox 1002 2792 1103 2877; x_wconf 86' lang='grc' dir='ltr'><strong><em>μέσας</em></strong></span> 
     </span>
     <span class='ocr_line' id='line_1_26' title="bbox 96 2896 1142 2985; baseline -0.004 -18"><span class='ocrx_word' id='word_1_189' title='bbox 96 2903 211 2977; x_wconf 84' lang='grc' dir='ltr'><strong><em>νύκτας</em></strong></span> <span class='ocrx_word' id='word_1_190' title='bbox 242 2898 295 2965; x_wconf 80' lang='grc' dir='ltr'><strong><em>ἐπὶ</em></strong></span> <span class='ocrx_word' id='word_1_191' title='bbox 322 2901 381 2965; x_wconf 86' lang='grc' dir='ltr'><strong><em>τὸν</em></strong></span> <span class='ocrx_word' id='word_1_192' title='bbox 409 2898 522 2984; x_wconf 79' lang='grc' dir='ltr'><strong><em>ἕτερον</em></strong></span> <span class='ocrx_word' id='word_1_193' title='bbox 549 2899 675 2984; x_wconf 91' lang='grc' dir='ltr'><strong><em>χάρακα</em></strong></span> <span class='ocrx_word' id='word_1_194' title='bbox 702 2896 757 2963; x_wconf 82' lang='grc' dir='ltr'><strong><em>καλ</em></strong></span> <span class='ocrx_word' id='word_1_195' title='bbox 786 2900 865 2982; x_wconf 84' lang='grc' dir='ltr'><strong><em>μετά</em></strong></span> <span class='ocrx_word' id='word_1_196' title='bbox 893 2909 953 2966; x_wconf 87' lang='grc' dir='ltr'><strong><em>τοῦ</em></strong></span> <span class='ocrx_word' id='word_1_197' title='bbox 981 2900 1102 2985; x_wconf 91' lang='grc' dir='ltr'><strong><em>συνάρ-</em></strong></span> <span class='ocrx_word' id='word_1_198' title='bbox 1117 2916 1142 2955; x_wconf 74' lang='lat'><strong><em>²⁵</em></strong></span> 
     </span>
     <span class='ocr_line' id='line_1_27' title="bbox 97 3000 1139 3092; baseline -0.006 -18"><span class='ocrx_word' id='word_1_199' title='bbox 97 3031 207 3092; x_wconf 87' lang='grc' dir='ltr'><strong><em>χοντος</em></strong></span> <span class='ocrx_word' id='word_1_200' title='bbox 230 3002 578 3092; x_wconf 89' lang='grc' dir='ltr'><strong><em>κατεστρατοπέδευσε.</em></strong></span> <span class='ocrx_word' id='word_1_201' title='bbox 614 3006 779 3088; x_wconf 86' lang='grc' dir='ltr'><strong><em>μαθόντες</em></strong></span> <span class='ocrx_word' id='word_1_202' title='bbox 801 3000 864 3070; x_wconf 86' lang='grc' dir='ltr'><strong><em>οὖν</em></strong></span> <span class='ocrx_word' id='word_1_203' title='bbox 882 3007 917 3072; x_wconf 88' lang='grc' dir='ltr'><strong><em>οί</em></strong></span> <span class='ocrx_word' id='word_1_204' title='bbox 938 3002 1139 3091; x_wconf 83' lang='grc' dir='ltr'><strong><em>Τυρρηνοὶ4</em></strong></span> 
     </span>
     <span class='ocr_line' id='line_1_28' title="bbox 96 3107 1102 3206; baseline -0.002 -30"><span class='ocrx_word' id='word_1_205' title='bbox 96 3113 152 3196; x_wconf 90' lang='grc' dir='ltr'><strong><em>τήν</em></strong></span> <span class='ocrx_word' id='word_1_206' title='bbox 173 3111 400 3177; x_wconf 83' lang='grc' dir='ltr'><strong><em>ἀπανάστασιν</em></strong></span> <span class='ocrx_word' id='word_1_207' title='bbox 418 3119 479 3176; x_wconf 87' lang='grc' dir='ltr'><strong><em>τοῦ</em></strong></span> <span class='ocrx_word' id='word_1_208' title='bbox 498 3118 683 3206; x_wconf 88' lang='grc' dir='ltr'><strong><em>στρατηγοῦ</em></strong></span> <span class='ocrx_word' id='word_1_209' title='bbox 701 3114 767 3193; x_wconf 91' lang='grc' dir='ltr'><strong><em>καί,</em></strong></span> <span class='ocrx_word' id='word_1_210' title='bbox 791 3107 835 3175; x_wconf 94' lang='grc' dir='ltr'><strong><em>δι’</em></strong></span> <span class='ocrx_word' id='word_1_211' title='bbox 854 3110 893 3187; x_wconf 83' lang='grc' dir='ltr'><strong><em>άς</em></strong></span> <span class='ocrx_word' id='word_1_212' title='bbox 911 3113 1015 3199; x_wconf 78' lang='grc' dir='ltr'><strong><em>αἰτίας</em></strong></span> <span class='ocrx_word' id='word_1_213' title='bbox 1034 3107 1102 3192; x_wconf 83' lang='grc' dir='ltr'><strong><em>ἐγέ-</em></strong></span> 
     </span>
    </p>
   </div>
   <div class='ocr_carea' id='block_1_3' title="bbox 98 3296 1233 3560">
    <p class='ocr_par' dir='ltr' id='par_1_3' title="bbox 98 3296 1233 3560">
     <span class='ocr_line' id='line_1_29' title="bbox 163 3296 1103 3373; baseline -0.003 -17"><span class='ocrx_word' id='word_1_214' title='bbox 163 3310 179 3356; x_wconf 87' lang='grc'><strong>3</strong></span> <span class='ocrx_word' id='word_1_215' title='bbox 202 3297 425 3373; x_wconf 85' lang='grc' dir='ltr'><strong><em>ἐχυρωοαμένοις</em></strong></span> <span class='ocrx_word' id='word_1_216' title='bbox 447 3303 469 3355; x_wconf 96' lang='grc' dir='ltr'><strong>Β</strong></span> <span class='ocrx_word' id='word_1_217' title='bbox 570 3307 603 3354; x_wconf 79' lang='grc'><strong><em>14</em></strong></span> <span class='ocrx_word' id='word_1_218' title='bbox 628 3302 723 3363; x_wconf 81' lang='grc' dir='ltr'><strong><em>αὑτοῖς</em></strong></span> <span class='ocrx_word' id='word_1_219' title='bbox 742 3300 793 3353; x_wconf 89' lang='grc' dir='ltr'><strong><em>ΑΒ</em></strong></span> <span class='ocrx_word' id='word_1_220' title='bbox 894 3306 925 3353; x_wconf 76' lang='grc'><strong><em>17</em></strong></span> <span class='ocrx_word' id='word_1_221' title='bbox 949 3296 1103 3368; x_wconf 80' lang='grc' dir='ltr'><strong><em>ἀνέστρεψε</em></strong></span> 
     </span>
     <span class='ocr_line' id='line_1_30' title="bbox 98 3369 1233 3443; baseline -0.004 -15"><span class='ocrx_word' id='word_1_222' title='bbox 98 3374 145 3428; x_wconf 83' lang='grc' dir='ltr'><strong><em>ΑΒ</em></strong></span> <span class='ocrx_word' id='word_1_223' title='bbox 163 3390 233 3428; x_wconf 82' lang='lat' dir='ltr'>corr.</span> <span class='ocrx_word' id='word_1_224' title='bbox 253 3373 375 3443; x_wconf 80' lang='lat' dir='ltr'>Sylburg</span> <span class='ocrx_word' id='word_1_225' title='bbox 482 3378 516 3426; x_wconf 74' lang='lat'><strong><em>22</em></strong></span> <span class='ocrx_word' id='word_1_226' title='bbox 536 3373 566 3425; x_wconf 80' lang='lat' dir='ltr'><strong><em>et</em></strong></span> <span class='ocrx_word' id='word_1_227' title='bbox 583 3389 610 3440; x_wconf 91' lang='lat' dir='ltr'><strong><em>p.</em></strong></span> <span class='ocrx_word' id='word_1_228' title='bbox 626 3376 678 3426; x_wconf 82' lang='lat'><strong><em>280</em></strong></span> <span class='ocrx_word' id='word_1_229' title='bbox 697 3389 723 3426; x_wconf 85' lang='lat' dir='ltr'><strong><em>v.</em></strong></span> <span class='ocrx_word' id='word_1_230' title='bbox 739 3379 771 3425; x_wconf 91' lang='lat'><strong><em>13</em></strong></span> <span class='ocrx_word' id='word_1_231' title='bbox 790 3387 900 3440; x_wconf 85' lang='grc' dir='ltr'><strong><em>προσημ</em></strong></span> <span class='ocrx_word' id='word_1_232' title='bbox 922 3369 1039 3442; x_wconf 86' lang='grc' dir='ltr'><strong><em>αί&gt;νειν</em></strong></span> <span class='ocrx_word' id='word_1_233' title='bbox 1058 3369 1104 3424; x_wconf 90' lang='lat' dir='ltr'><strong><em>Bb</em></strong></span> <span class='ocrx_word' id='word_1_234' title='bbox 1232 3377 1233 3435; x_wconf 66' lang='grc' dir='ltr'><strong><em>ή</em></strong></span> 
     </span>
     <span class='ocr_line' id='line_1_31' title="bbox 100 3439 1232 3560; baseline -0.004 -62"><span class='ocrx_word' id='word_1_235' title='bbox 100 3451 128 3499; x_wconf 76' lang='grc'><strong><em>27</em></strong></span> <span class='ocrx_word' id='word_1_236' title='bbox 147 3443 302 3498; x_wconf 81' lang='grc' dir='ltr'><strong><em>ἀπόστασιν</em></strong></span> <span class='ocrx_word' id='word_1_237' title='bbox 322 3443 344 3497; x_wconf 92' lang='grc' dir='ltr'><strong>Ο</strong></span> <span class='ocrx_word' id='word_1_238' title='bbox 368 3447 482 3514; x_wconf 71' lang='grc' dir='ltr'><strong><em>μετείω</em></strong></span> <span class='ocrx_word' id='word_1_239' title='bbox 501 3444 522 3495; x_wconf 92' lang='grc' dir='ltr'>Β</span> <span class='ocrx_word' id='word_1_240' title='bbox 544 3445 548 3512; x_wconf 50' lang='lat' dir='ltr'>k</span> <span class='ocrx_word' id='word_1_241' title='bbox 568 3441 617 3496; x_wconf 77' lang='grc' dir='ltr'><strong><em>καί</em></strong></span> <span class='ocrx_word' id='word_1_242' title='bbox 636 3441 690 3495; x_wconf 81' lang='lat' dir='ltr'>del.</span> <span class='ocrx_word' id='word_1_243' title='bbox 710 3457 771 3495; x_wconf 86' lang='grc' dir='ltr'><strong><em>οειε</em></strong></span> <span class='ocrx_word' id='word_1_244' title='bbox 790 3457 812 3496; x_wconf 86' lang='grc' dir='ltr'><strong><em>ο.</em></strong></span> <span class='ocrx_word' id='word_1_245' title='bbox 831 3440 913 3494; x_wconf 81' lang='lat' dir='ltr'>Kiess</span> <span class='ocrx_word' id='word_1_246' title='bbox 928 3439 975 3511; x_wconf 84' lang='lat' dir='ltr'><strong><em>&#39;ng</em></strong></span> <span class='ocrx_word' id='word_1_247' title='bbox 1230 3453 1232 3560; x_wconf 71' lang='grc' dir='ltr'><strong><em>χ</em></strong></span> 
     </span>
    </p>
   </div>
   <div class='ocr_carea' id='block_1_4' title="bbox 0 0 1268 3882">
    <p class='ocr_par' dir='ltr' id='par_1_4' title="bbox 0 0 1268 3882">
     <span class='ocr_line' id='line_1_32' title="bbox 0 0 1268 3882; baseline 0 0"><span class='ocrx_word' id='word_1_248' title='bbox 0 0 1268 3882; x_wconf 95' lang='lat' dir='ltr'><strong><em> </em></strong></span> 
     </span>
    </p>
   </div>
  </div>
 </body>
</html>
