2496 3878
514 213 673 264 -Ζ-
1055 207 1100 275 39

82 383 215 456 γνῶμεν
244 372 328 455 ἤδη,
355 373 391 437 τί
413 369 486 438 ποτ’
512 368 603 438 ἐστὶν
632 367 739 438 ἐκεῖνο
761 374 800 439 τὸ
824 369 953 456 δεινόν,
980 370 999 436 δ
1027 372 1101 436 δια-

79 480 250 562 θήσουσιν
277 477 379 561 ἡμοῖς,
406 475 449 542 δν
477 479 521 562 μη
551 487 698 562 ποιῶμεν
721 479 850 544 ἅπαντα
872 487 917 566 τβ
942 477 1036 566 δήμῳ
1058 478 1099 543 τὰ

77 579 158 648 καθ’
187 583 332 668 ἡδονάς,
364 585 409 662 ὡς
441 585 476 650 οί
506 581 699 669 δημαγωγοὶ
731 584 841 649 αὐτῶν
874 584 1099 668 δεδιττόμενοι

18 691 207 773 ιεεεέλεγον.
246 693 278 755 εί
299 688 331 756 δ’
358 689 502 776 ἀφήσετε
525 688 580 756 καὶ
602 699 724 757 τοῦτον
747 689 783 755 ἐκ
805 701 873 756 τῶν
895 701 1017 776 χειρῶν
1038 691 1135 762 τδν3

73 800 209 882 καιρόν,
231 797 393 874 πολλάκις
415 796 553 876 εὔξεσθε
574 799 729 864 τοιούτου
751 807 863 882 τυχεῖν
886 794 1014 881 έτέρου·
1042 794 1098 862 καλ
1124 815 1140 857 ι

72 904 105 966 εί
132 906 234 986 γνοίη
264 901 361 969 τοῦθ’
392 904 411 970 ὁ
442 905 562 988 δῆμος,
593 903 645 968 ότι
672 901 896 989 βουληθέντες
922 903 1099 968 καταλύειν

71 1007 179 1073 αὐτοῦ
194 1008 261 1095 την
277 1010 374 1094 ἰσχὺν
387 1007 626 1096 ἀπετράπεσθε,
644 1012 731 1076 πολὺ
745 1014 872 1095 μᾶλλον
893 1007 975 1093 ὑμῖν
993 1009 1099 1092 βαρὺς

71 1112 280 1199 ἐγκείσεται,
306 1111 467 1199 πολέμιον
495 1111 556 1200 μὲν
582 1117 621 1182 τὸ
649 1118 857 1200 βουλόμενον
879 1115 975 1199 ὑμῶν
997 1113 1099 1198 ἡγού-

68 1242 185 1303 μενος,
213 1220 329 1286 δειλόν
352 1217 389 1286 δέ
412 1223 449 1288 τὸ
473 1221 518 1306 μὴ
541 1221 740 1306 δυνάμενον.

133 1325 248 1391 XXV.
283 1321 414 1392 Τοιαῦτ’
436 1328 586 1404 είπόντος
607 1335 668 1393 τοῦ
686 1330 844 1414 Μαρκίου
866 1324 1044 1410 διέστησαν
1061 1327 1100 1391 αί
1113 1345 1140 1386 ιο

65 1443 207 1516 γνῶμαι
232 1442 301 1498 τῶν
325 1430 509 1519 συνέδρων,
531 1430 586 1498 καλ
608 1436 759 1519 θόρυβος
780 1431 818 1499 έν
839 1433 952 1510 αὐτοῖς
970 1432 1098 1515 ἐγίνετο

64 1540 187 1616 πολύς.
235 1539 274 1604 οί
293 1534 440 1624 μὲνγὰρ
464 1537 498 1617 ἐξ
524 1537 626 1625 ἀρχῆς
648 1539 793 1606 ἐναντίοι
816 1550 886 1616 τοῖς
909 1540 1100 1623 δημοτικοῖς

63 1641 119 1708 καὶ
142 1646 215 1721 τὰς
239 1645 422 1728 διαλλαγὰς
443 1645 531 1731 παρὰ
554 1647 691 1730 γνώμην
713 1645 961 1731 ὑπομείναντες,
985 1643 1025 1710 έν
1047 1635 1099 1721 ολς

62 1750 81 1833 ἥ
105 1773 143 1816 τε
163 1751 295 1833 νεότης
313 1749 429 1833 ὀλίγου
447 1752 520 1816 δεῖν
536 1759 626 1816 πᾶσα
644 1747 687 1834 ἦν
705 1748 760 1815 καλ
778 1761 846 1816 τῶν
863 1747 1099 1837 πρεσβυτέρων

1 1863 2 1918 1
62 1857 97 1921 οί
112 1857 380 1922 πλουσιώτατοί
395 1877 430 1920 τε
448 1853 503 1920 καλ
519 1858 778 1941 φιλοτιμότατοι,
797 1853 924 1940 βαρέως
940 1854 1099 1941 φέροντες
1113 1875 1140 1916 ιι

61 1963 95 2027 οί
114 1959 189 2047 μὲν
220 1959 277 2026 ἐπὶ
298 1972 370 2040 ταῖς
391 1959 468 2047 περὶ
490 1962 530 2026 τὰ
554 1965 740 2046 συμβόλαια
763 1963 912 2048 βλάβαις,
936 1963 972 2028 ολ
992 1957 1023 2027 δ’
1044 1959 1099 2028 ἐπὶ

60 2078 95 2154 τῇ
123 2066 221 2155 περὶ
250 2069 309 2144 τὰς
334 2069 431 2153 τιμὰς
458 2067 632 2134 ἐλαττώσει
662 2064 809 2154 ἐπῄνουν
836 2069 896 2134 τὸν
923 2069 1031 2153 ἄνδρα
1054 2069 1099 2146 ώς

60 2185 236 2258 γενναῖον
270 2171 326 2239 καὶ
358 2177 537 2258 φιλόπολιν
569 2171 626 2240 καὶ
656 2174 696 2239 τδ
729 2173 885 2258 κράτιστα
917 2183 962 2261 τῷ
995 2183 1098 2261 κοινῷ

60 2281 231 2366 λέγοντα·
257 2281 295 2345 oc
315 2277 352 2345 δὲ
376 2281 554 2365 δημοτικὰς
577 2283 707 2366 ἔχοντες
728 2281 786 2356 τὰς
802 2277 1012 2365 προαιρέσεις
1028 2283 1133 2346 τώνλ

13 2392 205 2474 ιιεετρόπων
232 2385 374 2453 καὶτὸν
396 2391 542 2454 πλοῦτον
565 2386 607 2452 οὐ
633 2385 717 2471 πέρα
739 2395 799 2451 τοῦ
823 2382 957 2462 δέοντος
980 2383 1098 2450 έκτετι-
1111 2411 1139 2450 ιο

60 2499 215 2580 μηκότες
244 2501 305 2576 τῆς
331 2489 359 2556 τ’
386 2494 519 2580 εἰρήνης
545 2489 647 2559 οὐδὲν
670 2491 929 2576 ἀναγκαιότερον
951 2487 1100 2574 ὑπολαμ-

60 2603 238 2686 βάνοντες
260 2599 409 2683 ἤχθοντο
435 2609 506 2675 τοῖς
533 2597 723 2683 λεγομένοις
749 2594 804 2662 ὑπ’
833 2596 938 2663 αὐτοῦ
960 2594 1016 2661 καὶ
1037 2597 1100 2681 τὴν

58 2712 208 2794 γνώμην
237 2704 282 2771 οὐ
305 2707 495 2789 προσίεντο·
517 2702 634 2788 ἠξίουν
651 2727 687 2770 τε
706 2705 750 2789 μὴ
770 2714 841 2781 τοῖς
857 2706 991 2789 βιαίοις,
1014 2703 1100 2768 ἀλλὰ

58 2828 126 2893 τοῖς
140 2813 354 2896 εὐγνώμοσι
367 2821 529 2897 περιεῖναι
548 2821 615 2875 τῶν
633 2808 885 2896 ταπεινοτέρων,
904 2807 981 2894 μηδ’
999 2809 1101 2896 ἀπρε-

58 2921 124 3006 πές,
144 2914 236 2985 ἀλλ’
261 2916 447 2999 ἀναγκαῖον
464 2916 621 2999 ἡγεῖσθαι
639 2920 676 2983 τὸ
695 2914 845 3000 ἐπιεικές,
863 2917 971 2993 ἄλλως
989 2940 1024 2981 τε
1043 2913 1099 2981 καὶ
1112 2939 1141 2980 οε

58 3031 140 3113 πρὸς
175 3025 269 3100 τοὺς
302 3019 647 3106 συμπολιτευομένους
677 3017 727 3087 ἐπ’
758 3022 875 3110 εὐνοίᾳ
906 3025 1099 3108 γινόμενον·

128 3259 146 3307 ’ί
167 3250 272 3306 verba
291 3250 363 3303 πολὺ
383 3252 487 3318 μᾶλλον
510 3264 599 3317 usque
619 3247 656 3302 κθ
679 3248 773 3302 δειλὸν
791 3265 817 3303 v.
837 3254 853 3302 9
873 3265 926 3304 om.
946 3246 1008 3313 Ae,
1032 3250 1098 3305 add.

59 3325 83 3393 B,
106 3321 235 3391 πολλὴν
254 3317 415 3374 ἀσθένειαν
438 3319 517 3389 ἡμῶν
539 3319 744 3388 κατεγνωκότες
762 3319 853 3381 ἀδεῶς
870 3321 1042 3374 τούντεῦθεν
1062 3321 1099 3384 ώς

60 3393 272 3465 ἀνδραπόδοις
286 3390 355 3460 ἡμῖν
360 3388 521 3518 ἕρήοονται
535 3389 609 3459 Cmg
667 3397 696 3444 11
719 3386 868 3462 ἐγ<ί>νετο
882 3389 905 3442 Β
962 3396 994 3444 16
1009 3391 1099 3445 verba

61 3465 158 3538 οἱμὲν
180 3479 284 3532 usque
303 3462 341 3516 ad
374 3461 485 3534 ττῄνουν
503 3479 529 3517 v.
553 3466 585 3515 17
605 3461 670 3515 add.
690 3460 713 3513 B
