2496 3878
161 174 206 239 54
588 175 748 224 -Ζ-

162 333 213 423 ἐφ’
237 327 287 412 οἷς
310 337 441 400 ἔσονται
465 335 605 410 δικαίοις
628 334 666 398 αί
686 335 873 417 διαλλαγαί,
896 334 1007 410 δεινὸς
1029 333 1115 418 ἀνὴρ
1140 333 1184 398 τά

160 437 190 507 τ’
220 443 304 507 ἀλλα
336 439 390 506 καὶ
421 443 546 526 πόρους
573 439 684 525 εὑρεῖν
712 439 750 505 ἐν
777 438 929 523 ἀπόροις,
961 438 1186 527 προσέρχεται

161 550 264 631 μόνος
286 550 378 637 μόνῳ
396 545 452 612 καὶ
470 547 665 612 ὑποτίθεται
682 547 727 630 μη
745 551 949 630 φιλονεικεῖν
968 545 1187 632 ἐγχειρήματι

161 660 278 742 θερμῷ
305 652 360 719 καὶ
386 656 568 742 παρανόμῳ
593 655 919 737 συναγωνιζόμενον,
947 652 1077 738 ὁρῶντα
1099 653 1189 729 τούς

134 780 196 824 ετε
219 763 411 846 πατρικίους
438 761 583 836 ἅπαντας
604 756 846 844 ἠρεθισμένους
867 756 923 823 καὶ
947 756 1100 843 ἑτοίμους
1125 761 1189 824 ὄν-

159 890 228 951 τας,
251 869 282 930 εί
299 871 455 949 κληθεῖεν
472 865 538 931 ὑπὸ
557 875 624 930 τῶν
642 863 788 947 ὑπάτων,
812 862 865 928 ἐπὶ
883 865 923 929 τά
942 865 1027 930 ὅπλα
1045 875 1191 951 χωρεῖν,

159 983 220 1040 τοῦ
251 968 288 1038 δὲ
319 973 427 1056 δήμου
457 973 495 1036 τὸ
522 971 769 1056 καρτερώτατον
797 968 897 1055 μέρος
924 970 1096 1049 ἐνδοιάζον
1126 969 1192 1036 καὶ

161 1081 222 1144 οὐκ
255 1076 427 1161 ἀγαπητῶς
457 1079 638 1162 δεχόμενον
668 1075 791 1163 ἀνδρὸς
821 1075 1083 1162 ἐπιφανεστάτου
1111 1087 1191 1142 τῶν

48 1196 78 1271 )
160 1185 197 1250 ἐν
220 1192 258 1269 τῇ
282 1186 377 1248 πόλει
399 1182 586 1269 παράδοσιν
609 1180 662 1248 ἐπὶ
685 1183 821 1272 θανάτςο
844 1181 900 1249 καὶ
918 1179 1008 1250 ταῦτ’
1031 1183 1190 1268 ἀκρίτου.

121 1256 382 1373 Ξσυνεβοόλευε
412 1287 443 1353 δ’
473 1288 563 1377 αὐτῷ
592 1291 665 1354 τότε
695 1285 757 1373 μὲν
786 1284 870 1368 εἶξαι
899 1287 955 1355 καὶ
982 1291 1026 1374 μη
1054 1301 1190 1375 χωρεῖν

160 1395 260 1481 ὁμόσε
292 1406 361 1471 τοῖς
391 1393 543 1477 ὑπάτοις,
576 1396 621 1478 μη
653 1417 685 1460 τι
715 1398 826 1479 μεῖζον
855 1397 959 1462 κακὸν
987 1394 1192 1482 ἐργάσηται,

159 1507 337 1587 προθεῖναι
368 1496 405 1565 δὲ
434 1509 479 1589 τῷ
507 1496 606 1586 ἀνδρί
635 1502 732 1584 δίκην
759 1500 917 1586 ὁρίσαντα
943 1505 1066 1588 χρόνον
1095 1502 1191 1568 ὅσον

161 1609 202 1690 δη
221 1631 306 1690 τινα,
328 1604 385 1671 καὶ
407 1614 522 1691 ψῆφον
545 1605 729 1671 ἀναδοῦναι
750 1619 821 1684 τοῖς
842 1611 992 1685 πολίταις
1013 1604 1098 1693 ὑπὲρ
1119 1609 1193 1673 αὐ-

160 1722 220 1778 τοῦ
243 1712 325 1777 κατὰ
348 1711 471 1795 φυλάς·
500 1710 519 1775 ὁ
542 1733 573 1776 τι
596 1707 626 1775 δ’
650 1710 692 1776 ἀν
716 1713 754 1776 αί
772 1716 907 1790 πλείους
928 1721 1034 1798 ψῆφοι
1056 1719 1237 1804 καθαι-Ῑυ

120 1839 145 1879 15
160 1827 253 1903 ρῶσι,
276 1825 374 1882 τοῦτο
397 1827 519 1880 ποιεῖν·
543 1819 744 1901 τυραννικὸν
767 1813 829 1901 μὲν
852 1819 915 1904 γάρ
940 1813 1104 1908 εἶναικαὶ
1129 1824 1195 1904 βί-

160 1944 248 2005 αιον,
264 1921 281 1986 ὁ
296 1931 360 1987 νῦν
373 1920 525 2007 ἐπειρᾶτο
540 1922 812 2008 διαπράττεσθαι,
825 1927 884 1990 τὸν
899 1924 1001 1990 αὐτὸν
1015 1924 1195 2012 ὑπάρχειν

42 2018 61 2068 '⁸
159 2025 214 2092 καί
236 2031 422 2114 κατήγορον
444 2025 499 2091 καὶ
523 2029 683 2113 δικαστὴν
705 2028 760 2095 καὶ
782 2039 843 2096 τοῦ
861 2029 984 2116 μέτρου
1001 2040 1058 2114 τῆς
1075 2054 1196 2118 τιμω-

158 2136 233 2217 ρίας
259 2134 390 2218 κύριον·
421 2135 591 2199 πολιτικὸν
620 2131 657 2199 δὲ
685 2137 723 2202 τὸ
745 2137 827 2201 κατὰ
849 2139 975 2221 νόμους
997 2135 1197 2221 ἀπολογίας

159 2242 300 2325 τυχόντα
322 2241 383 2305 τὸν
405 2239 575 2325 ὑπαίτιον,
603 2240 621 2304 ὁ
644 2266 676 2306 τι
700 2241 742 2308 ἂν
765 2251 833 2319 τοῖς
855 2246 984 2308 πλείοσι
1007 2244 1197 2324 δικασταῖς

117 2309 251 2431 {gadem
274 2355 381 2429 τοῦτο
395 2351 526 2411 παθεῖν.
562 2349 714 2412 πείθεται
736 2349 865 2425 τούτοις
884 2348 902 2414 ὁ
921 2351 1096 2426 Σικίννιος
1118 2375 1198 2436 μη-
1234 2363 1235 2368 ’

159 2446 218 2513 δὲυ
241 2451 331 2533 ὁρῶν
353 2453 522 2537 βούλευμα
544 2463 694 2539 κρεῖττον
718 2452 773 2519 καὶ
794 2456 974 2540 παρελθὼν
998 2457 1074 2539 ἐφη·
1109 2459 1198 2542 Τὴν

156 2549 217 2635 μὲν
246 2559 397 2643 σπουδὴν
421 2560 518 2646 ὁρᾶτε
540 2571 607 2626 τῶν
630 2563 812 2646 πατρικίων
835 2562 896 2645 την
919 2562 966 2637 είς
989 2561 1028 2625 τά
1050 2568 1198 2646 φονικὰ

155 2653 211 2717 καὶ
233 2660 326 2738 βίαια
349 2664 448 2752 ἔργα,Ι
469 2660 494 2730 ὦ
519 2667 670 2751 δημόται,
693 2667 737 2744 ὡς’
760 2665 834 2744 ἑνὸς
856 2665 979 2753 ἀνδρὸς
1001 2666 1200 2748 αὐθάδους

156 2757 238 2839 ὅλην
265 2759 462 2847 ἀδικοῦντος
484 2773 545 2855 την
567 2774 667 2837 πόλιν
688 2768 789 2856 ἧττον
811 2777 960 2839 τίθενται
983 2774 1019 2838 τὸ
1043 2777 1198 2858 πλῆθος

115 2885 141 2926 τε
154 2861 191 2923 τὸ
214 2861 385 2950 ὑμέτερον.
431 2875 472 2939 οὐ
494 2877 561 2960 μην
584 2876 721 2960 ὁμοίους
743 2874 774 2960 γ’
798 2877 910 2955 αὐτοῖς
932 2881 1087 2962 γίνεσθαι
1114 2886 1199 2969 χρὴ

224 3053 239 3101 5
260 3049 356 3127 ὄντας]
377 3059 506 3129 ἅπαντας
525 3066 548 3122 0
566 3069 720 3137 praeterB
788 3074 803 3122 6
822 3063 891 3141 <m
908 3068 943 3122 τὰ
961 3068 1055 3140 ὅ>πλα
1073 3069 1128 3126 Bb
1154 3073 1198 3131 in

151 3130 205 3168 ras.
279 3127 295 3174 ’λ
323 3135 373 3181 τοῦ
397 3133 429 3188 δὲ
452 3137 479 3191 Δ
500 3147 550 3193 τοῦ
568 3139 644 3194 τεΒ
717 3147 751 3195 14
774 3139 986 3209 καθαιρουσιΒ
1060 3145 1095 3194 15
1123 3143 1199 3216 γὰρ

151 3199 204 3303 ΟΨΙ-
224 3186 248 3238 Β
278 3258 284 3270 ·
305 3200 338 3248 19
358 3200 498 3264 ὑπατικὸν
517 3209 540 3264 0
559 3210 705 3280 ὑπόδικον,
724 3212 865 3278 ὑπαίτιον,
884 3211 1049 3265 ὁπεὺθυνον
1068 3212 1122 3266 vel
1144 3218 1198 3270 si-

150 3268 217 3307 mle
236 3261 307 3324 qu1d
327 3265 461 3332 Gelenius
525 3288 559 3335 θλ
577 3286 707 3338 τίθενται
726 3283 777 3339 OD
795 3283 907 3336 τίθεται
924 3280 949 3333 R
1009 3288 1042 3336 ῖό
1062 3283 1097 3336 οὑ
1121 3285 1198 3354 μὴν

148 3319 314 3454 ἑξεξῖἕῗχὲε
333 3341 432 3409 αὐτοῖς
448 3352 581 3419 γίνεσθαι
600 3353 651 3425 χρὴ
666 3353 689 3406 Β
709 3355 745 3412 οό
761 3352 817 3423 μὴν
835 3351 949 3420 ὁμοίους
966 3354 1103 3422 γίνεσθαι
1124 3359 1197 3428 χρὴ
