2484 3876
165 177 207 242 οε
439 206 442 212 -
591 175 752 224 -ι-
1210 219 1213 374 l

165 362 264 424 μενος
291 337 423 424 ἐξουσίᾳ
450 338 488 402 τύ
511 359 546 401 τε
568 346 695 402 νοσοῦν
718 334 824 416 ἐξελεῖ
843 344 901 420 της
923 340 1049 415 πόλεως
1071 336 1173 425 μέρος,
1212 375 1213 380 1

164 443 220 511 καὶ
243 448 280 511 τὸ
303 447 399 528 μήπω
424 440 673 528 διεφθαρμένον
696 442 759 508 οὐκ
782 442 872 510 ἐάσει
890 450 1095 528 κακωθῆναι,
1117 448 1172 529 ἐθη

165 575 199 617 τε
222 549 278 617 καὶ
300 552 424 635 νόμιμα
447 548 503 616 καλ
527 551 698 634 ζηλώματα
720 553 805 634 βίων
823 551 864 614 τά
882 550 1039 630 κράτιστα
1057 557 1174 636 μεθαρ-
1213 551 1214 556 ’

166 658 352 743 μοσάμενος
374 655 476 742 ἀρχάς
497 653 527 721 τ’
549 654 724 734 ἀποδείξας
746 655 785 733 δς
807 655 850 722 ἀν
872 656 990 740 ἡγῆται
1014 656 1173 742 σωρρονέ-

139 782 266 830 οστατα
292 775 359 829 τῶν
387 772 510 828 κοινῶν
538 760 800 846 ἐπιτροπεύσειν·
827 760 883 828 καὶ
910 760 1002 828 ταῦτ’
1030 761 1120 840 ἐντὸς
1145 761 1173 840 ἐξ
1215 792 1216 860 η

166 881 281 956 μηνῶν
304 869 556 954 διοικησάμενος
578 869 711 953 ἰδιώτης
733 863 835 946 αὖθις
856 871 947 936 ἐσται
965 871 1004 936 τὸ
1023 875 1175 952 τιμᾶσθαι

131 981 271 1063 3μύνον
300 976 335 1042 ἐκ
362 977 489 1042 τούτων
517 975 645 1060 λαβών,
672 977 754 1040 ἀλλο
783 971 813 1040 δ’
841 976 956 1042 ούθέν.
1001 973 1092 1041 ταῦτ’
1119 970 1175 1040 οὖν
1216 980 1217 1010 ¹

168 1082 416 1169 ἐνθυμηθέντες
443 1079 558 1147 καὶτὸ
581 1089 689 1166 σχῆμα
712 1089 769 1164 της
790 1085 957 1159 πολιτείας
979 1079 1077 1148 τοῦθ’
1103 1080 1176 1166 ἡγη-

169 1190 306 1273 σάμενοι
324 1187 500 1272 κράτιστον
515 1181 601 1251 εἶναι
614 1189 762 1270 μηθενὸς
775 1186 974 1252 ἀπελαύνετε
989 1189 1050 1254 τὸν
1066 1190 1177 1273 δῆμον,
1217 1168 1218 1180 ¹

128 1321 154 1359 ιο
168 1292 240 1360 ἀλλ’
264 1294 372 1378 ὥσπερ
396 1291 499 1378 ἀρχάς
521 1291 759 1359 ἀποδεικνύναι
781 1294 839 1370 τὰς
860 1291 937 1359 καθ’
959 1292 1101 1360 ἕκαστον
1119 1293 1176 1360 ένι

168 1403 270 1467 αυτὸν
298 1399 505 1485 ἡγησομένας
530 1409 588 1484 τῆς
613 1401 756 1482 πόλεως,
783 1397 838 1464 καὶ
865 1402 991 1485 νόμους
1018 1404 1097 1478 τοὺς
1123 1397 1177 1485 μὲν

168 1509 360 1594 ἐπικυροῦν,
383 1509 461 1583 τοὺς
484 1503 514 1571 δ’
538 1505 699 1591 ἀναιρεῖν,
721 1503 776 1570 καὶ
798 1503 874 1591 περὶ
896 1505 1046 1590 πολέμου
1068 1505 1121 1572 καλ
1139 1509 1220 1573 εί-ιιι

167 1618 270 1701 ρηνης
302 1613 572 1697 διαγιγνώσκειν,
603 1612 625 1677 ἀ
655 1610 791 1697 μέγιστα
818 1610 873 1677 καὶ
900 1614 1089 1696 κυριώτατά
1115 1612 1176 1678 ἐστι

167 1732 234 1786 τῶν
258 1721 293 1786 ἐν
317 1729 355 1805 τῇ
379 1723 473 1784 πόλει
497 1716 803 1803 διαπραττομένων,
826 1720 1073 1802 μεταδεδώκατε
1096 1719 1176 1804 αύτῷ

128 1825 222 1892 τεκαὶ
246 1827 388 1903 οὐθενὸς
410 1827 538 1892 τούτων
560 1825 786 1910 αὐτοκράτορα
808 1828 1005 1910 πεποιήκατε
1026 1828 1089 1911 τὴν
1106 1829 1177 1910 βου-

168 1935 243 2017 λύν·
275 1932 380 2009 οὕτως
406 1929 550 1997 καὶτῶν
575 1932 796 2016 δικαστηρίων
819 1933 1024 2016 μεταδίδοτε,
1047 1930 1103 1998 καὶ
1124 1932 1177 2016 μά-

168 2035 259 2105 λισθ’
286 2035 369 2125 ὑπὲρ
398 2033 446 2104 ὧν
473 2039 515 2104 ἀν
542 2061 592 2115 τις
619 2039 728 2102 αἰτίαν
756 2040 813 2123 ἔχη
841 2040 902 2123 την
928 2041 1028 2104 πόλιν
1057 2039 1177 2104 ἀδικεῖν

170 2145 285 2211 στάσιν
308 2145 451 2228 εἰσάγων
474 2143 495 2228 ἣ
517 2144 702 2227 τυραννίδα
724 2147 1044 2235 κατασκευαζόμενος
1066 2145 1087 2230 ἣ
1109 2143 1178 2229 περὶ

170 2254 351 2339 προδοσίας
382 2261 452 2328 τοῖς
480 2252 649 2333 πολεμίοις
679 2250 912 2334 διαλεγόμενος
941 2249 961 2334 ἢ
992 2255 1123 2317 τοιοῦτό
1150 2273 1178 2315 τι

129 2327 250 2442 Quo
273 2362 376 2425 κακὸν
400 2357 574 2446 ἐπιχειρῶν
597 2356 761 2441 πράττειν.
797 2355 951 2446 ὅτῳγὰρ
975 2355 1018 2422 ἀν
1035 2359 1178 2444 φοβερώ-

168 2490 266 2552 τερον
292 2463 552 2548 κατασκευάσητε
580 2464 617 2527 τὸ
640 2465 860 2547 παραβαίνειν
882 2465 960 2540 τοὺς
981 2465 1108 2547 νόμους
1129 2460 1179 2529 καὶ

169 2573 208 2636 τά
232 2575 294 2654 ἔθη
316 2582 423 2638 κινεῖν
444 2580 514 2647 τοῖς
535 2570 708 2654 ὑβρισταῖς
725 2566 780 2634 καὶ
798 2567 1019 2652 πλεονέκταις,
1041 2572 1180 2646 πολλοὺς

170 2677 367 2761 ὀφθαλμοὺς
389 2674 444 2741 καὶ
467 2677 616 2760 φύλακας
638 2674 748 2740 αὐτῶν
772 2673 1015 2758 ἀποδείξαντες,
1037 2677 1179 2763 τοσούτῳ

169 2793 319 2868 κρεῖττον
341 2782 423 2866 ὑμῖν
445 2780 510 2858 ἔξει
533 2781 573 2845 τά
595 2781 701 2844 κοινά.

131 2915 156 2958 ει
237 2887 339 2952 LVII.
381 2891 490 2953 Ταῦτα
522 2883 578 2950 καλ
609 2886 649 2950 τά
680 2889 891 2970 παραπλήσια
923 2890 1053 2966 τούτοις
1082 2888 1179 2953 εἰπών

172 2995 346 3062 ἐπαύσατο.
391 3004 458 3060 τῶν
487 2988 524 3058 δέ
551 2995 741 3077 βουλευτῶν
771 2991 806 3055 οί
830 2990 899 3076 μετ’
925 2993 1028 3060 αὐτὸν
1053 2993 1179 3061 ἀνιστά-

108 3129 111 3136 ·
170 3126 266 3188 μενοι
296 3103 384 3186 πλην
416 3101 540 3184 ὀλίγων
571 3099 607 3165 οί
636 3096 746 3164 λοιποὶ
778 3099 880 3185 ταύτη
912 3099 1115 3185 προσέθεντο
1144 3107 1179 3182 τῇ

242 3300 258 3348 δ
288 3290 498 3364 ἐπιτροπεύσειν
526 3292 551 3345 Α
633 3297 667 3346 10
694 3288 880 3346 ἀποδείκνυτε
907 3291 959 3343 ΑΒ
988 3308 1057 3345 corr.
1084 3291 1179 3345 Portus

173 3372 203 3418 11
224 3363 402 3435 ἡγησομένας
419 3363 442 3415 Β
499 3367 531 3417 18
551 3361 752 3433 σκευαζόμενος
768 3361 790 3414 O
810 3378 879 3416 corr.
893 3360 998 3416 Reiske
1055 3368 1086 3416 19
1104 3361 1180 3414 *τοι-

171 3435 296 3488 ούτονΟ
358 3441 392 3488 20
411 3433 546 3488 κακῶνΒ
