2484 3876
188 179 232 244 80
613 183 774 231 -z-

188 339 229 407 δέ
248 364 280 406 τι
302 339 456 426 Μάρκιος
483 339 593 407 ἀδικεῖ
617 343 677 407 τὸν
700 341 824 426 δῆμον,
853 341 901 426 [ἢ]
925 339 982 408 καὶ
1009 342 1101 419 ἄλλος
1124 351 1179 407 τῶν

187 450 368 532 πατρικίων
388 447 545 514 ὁστισοῦν
563 446 619 513 καὶ
642 449 769 526 δίκαιός
792 447 883 514 ἐστιν
902 448 1084 516 ἀποθανεῖν
1100 448 1119 532 ἢ
1135 459 1181 532 τῆς

187 557 315 630 πόλεως
336 552 498 637 ἐκπεσεῖν,
521 556 565 639 μη
588 551 664 641 παρ’
688 554 813 639 αὐτοῖς,
835 553 908 622 ἀλλ’
930 554 1053 622 ἐνθάδε
1071 553 1181 640 κριθεὶς

188 661 309 726 διδῦτω
329 662 433 744 δίκας,
451 662 561 748 ὥσπερ
579 659 649 727 ἐστὶ
666 664 820 747 νόμιμον.
856 664 945 748 εἰμὴ
960 663 1037 748 ἄρα,
1050 657 1074 726 ὦ
1088 659 1183 743 Δέκιε,

162 766 207 837 εδ
231 762 292 851 μέν
315 767 419 853 δῆμος
443 774 513 846 ίσος
542 771 633 834 ἔσται
660 769 816 853 δικαστὴς
840 766 895 835 καὶ
918 767 1024 836 οὐδὲν
1047 768 1087 835 δν
1108 769 1184 854 χαρί-

190 891 282 940 σαιτο
306 873 395 962 αὐτῷ
419 877 502 960 πρὸς
519 874 642 962 ἀνδρὸς
665 874 791 962 ἐχθροῦ
809 876 870 960 τὴν
888 885 1004 962 ψῆφον
1022 873 1184 960 ἐπιφέρων·

189 976 283 1046 οὗτοι
306 978 337 1045 δ’
363 981 394 1044 εί
415 979 565 1064 γένοιντο
588 990 646 1066 τῆς
667 983 783 1067 ψήφου
806 982 917 1068 κύριοι
941 984 1001 1048 τὸν
1023 981 1186 1046 ἀδικοῦντα

189 1086 264 1172 περὶ
290 1088 444 1164 πλείονος
470 1088 665 1171 ποιήσονται
694 1097 752 1172 τῆς
773 1085 995 1172 ἀδικουμένης
1016 1083 1073 1153 ὑπ’
1094 1085 1187 1150 ἀὐτοῦ

188 1194 329 1274 πόλεως,
356 1190 531 1276 μέλλοντες
558 1193 644 1279 ἀρὰν
670 1190 726 1260 καὶ
753 1192 924 1278 ἐπιορκίαν
946 1191 1002 1258 καὶ
1024 1205 1118 1278 μῖσος
1137 1186 1189 1275 μέν

151 1327 177 1367 ιο
190 1295 267 1384 παρ’
294 1296 502 1385 ἀνθρώπων,
531 1303 633 1386 χόλον
662 1297 699 1366 δέ
726 1301 815 1384 παρὰ
841 1307 933 1365 θεῶν
961 1298 998 1365 ἐκ
1024 1308 1084 1384 τῆς
1109 1299 1189 1379 δίκης

155 1403 388 1481 Ἰάποίσεσδαι
411 1408 466 1472 καί
490 1408 570 1492 μετὰ
592 1417 749 1499 πονηρῶν
768 1405 912 1472 ἐλπίδων
932 1409 998 1490 ζῆν.
1038 1406 1101 1473 οῦκ
1122 1403 1190 1483 ἀξιῶ

189 1521 291 1578 ταῦτα
313 1509 468 1597 περὶτῆς
491 1517 614 1598 βουλῆς
636 1513 738 1597 ὑμᾶς,
765 1507 791 1577 δι
816 1514 971 1598 δημόται,
1001 1523 1150 1594 σκοπεῖν,
1173 1501 1190 1594 ἧ

189 1619 283 1702 τιμὰς
309 1617 364 1684 καὶ
392 1618 493 1705 ἀρχὰς
524 1616 580 1684 καὶ
608 1619 649 1683 τὰ
679 1619 837 1704 κράτιστα
868 1630 935 1685 τῶν
967 1617 1005 1684 ἐν
1036 1628 1077 1704 τῇ
1108 1620 1217 1683 πόλειιι

189 1736 398 1810 παραχωρεῖν
422 1725 611 1810 ὁμολογεῖτε
640 1722 685 1790 δι’
713 1725 850 1811 ἀρετήν,
876 1723 932 1790 καὶ
959 1727 1087 1803 πολλὰς
1113 1723 1195 1810 χάρι-

150 1856 176 1898 15
189 1851 247 1905 τας
268 1827 393 1896 εἰδέναι
415 1828 498 1916 φατέ
519 1840 577 1916 τῆς
603 1835 808 1918 προθυμίας,
835 1832 878 1916 ἣν
906 1831 1100 1910 ἀπεδείξατο
1128 1825 1196 1913 περὶ

190 1937 251 2018 τὴν
273 1936 424 2003 κάθοδον
447 1938 551 2022 ὑμῶν.
593 1938 729 2024 μάχεται
755 1935 845 2005 ταῦτ’
872 1933 1040 2023 ἀλλήλοις·
1064 1935 1122 2004 καὶ
1143 1933 1218 2002 οὐκ

191 2043 257 2126 ἔχει
280 2045 394 2127 λόγον,
417 2043 476 2121 οῦς
499 2043 672 2128 ἐπαινεῖτε,
700 2045 838 2123 τούτους
859 2050 1041 2130 φοβεῖσθαι
1064 2041 1121 2110 καὶ
1139 2043 1199 2126 ἅμα

190 2157 260 2225 τοῖς
282 2149 394 2227 αὐτοῖς
411 2149 488 2238 περὶ
507 2147 569 2235 μέν
587 2162 655 2217 τῶν
673 2155 834 2236 μειζόνων
853 2147 1050 2238 ἐπιτρέπειν,
1073 2147 1151 2232 περὶ
1168 2142 1201 2212 δέ

156 2263 257 2331 8τῦν
279 2255 391 2321 ἄλλων
413 2255 572 2323 ἀπιστεῖν.
610 2261 647 2322 τί
666 2254 697 2323 δ’
720 2256 796 2342 οὐχὶ
818 2266 878 2346 μιᾷ
900 2259 1066 2343 χρώμενοι
1090 2257 1201 2340 γνώμη

150 2361 211 2446 ιοη
238 2363 345 2428 πάντα
372 2365 539 2442 πιστεύετε
569 2363 683 2441 αὐτοῖς
709 2363 730 2448 ἢ
756 2361 833 2449 περὶ
859 2364 993 2429 πάντων
1023 2363 1203 2436 ἀπιστείτω

190 2468 274 2534 ἀλλὰ
292 2473 537 2555 προβουλεῦσαι
556 2465 618 2553 μέν
637 2468 759 2545 αὐτοὺς
775 2469 816 2532 τὰ
833 2469 945 2533 δίκαια
965 2468 1102 2545 ίκανοὺς
1121 2461 1205 2532 είναι

189 2578 353 2660 νομίζετε,
381 2575 513 2641 δικάσαι
540 2572 578 2640 δέ
605 2574 681 2662 περὶ
704 2574 815 2640 αὐτῶν
836 2576 964 2640 τούτων
988 2569 1036 2640 ὧν
1058 2577 1208 2658 προβου-

191 2682 347 2745 λεύουσιν
375 2681 436 2766 οῦχ
467 2682 609 2758 ἱκανούς.
646 2683 752 2748 πολλὰ
779 2683 834 2746 καί
861 2682 945 2746 ἄλλα
967 2678 1137 2766 περὶτῶν
1161 2681 1209 2744 δι-

192 2787 296 2850 καίων
319 2780 421 2870 εἶχον,
445 2782 471 2850 δι
494 2787 617 2870 βουλή,
646 2785 770 2870 λέγειν,
793 2784 950 2851 ἀλλὰκαὶ
972 2783 1070 2852 ταῦθ’
1102 2785 1210 2852 ίκανά.

152 2919 178 2959 ιε
258 2889 348 2955 LIII.
381 2888 513 2976 Ἐπειδὴ
542 2887 579 2956 δέ
606 2889 662 2956 καὶ
688 2889 763 2976 περὶ
785 2903 846 2958 τοῦ
870 2891 1098 2980 συμφέροντος
1126 2891 1215 2959 ἐπει-

192 3003 272 3082 ρᾶτο
295 2994 405 3079 λέγειν
427 2995 564 3081 Δέκιος,
594 2997 639 3074 ὡς
660 2997 792 3081 ἀγαθὸν
819 2995 881 3083 μέν
909 2999 1062 3084 ὁμόνοια,
1092 3001 1215 3064 δεινὸν

264 3229 278 3278 1
298 3191 475 3294 εημωηιιαι
494 3226 541 3279 Ba,
626 3232 641 3280 τ
661 3225 697 3280 οι
717 3225 781 3282 ωε.
800 3225 905 3280 Reiske
995 3227 1108 3280 eam
1129 3226 1189 3279 AB
1211 3225 1215 3297 ι

190 3295 261 3365 πρὸς
279 3294 302 3349 Ο
321 3295 387 3366 περὶ
405 3295 507 3351 Reiske
562 3295 769 3365 ’ίνένωνταιΒ
826 3303 858 3350 11
878 3297 984 3363 ἀξιῶΟ
1004 3297 1083 3362 ἄξιον
1102 3297 1218 3352 Reiske

193 3370 225 3416 12
245 3366 316 3434 ὑμᾶς
334 3382 388 3421 om.
408 3366 431 3419 B
452 3370 456 3430 1
482 3369 609 3440 σκοπεῖν]
625 3374 725 3442 ροπεῖν
743 3366 790 3422 vel
808 3369 961 3423 ῦποτοπεῖν
980 3385 1002 3421 ο.
1022 3367 1218 3423 casaubonus

192 3438 226 3487 23
245 3432 324 3488 πόλλ’
346 3435 424 3492 δινο.
443 3436 572 3494 Hertlein
591 3441 708 3494 Hermes
726 3438 817 3492 X411
