2508 3882
477 234 644 286 -Θ-
1002 235 1066 300 291

53 392 144 474 νάμει
172 395 436 476 φυλαττόμενον.
483 392 539 458 καλ
566 389 608 478 ἦν
635 394 655 478 ἡ
684 371 773 484 δόξαΙ
793 395 904 461 αύτῶν
931 395 1068 481 ἀληθής.

56 497 111 574 ἔξω
132 499 196 579 γάρ
220 508 289 564 τῶν
311 503 471 584 τριαρίων
495 498 550 564 καὶ
569 501 692 583 ὀλίγων
711 502 822 566 ἄλλων
840 513 907 566 τῶν
926 502 963 567 έν
981 502 1067 588 ἀκμῇ

58 605 90 668 τὸ
118 607 238 669 λοιπὸν
270 609 403 688 πλῆθος
431 592 587 692 ἐμπόρων
616 629 651 672 τε
680 606 736 672 καλ
765 611 983 694 θεραπόντων
1012 607 1075 672 καί

54 722 268 795 χειροτεχνῶν
291 707 336 794 ἣν
354 711 392 776 ἐν
410 712 515 799 αὐτῷ·
537 717 668 796 γίνεταί
682 736 717 778 τε
736 717 868 778 πολλῶν
888 715 934 789 είς
952 714 1067 797 ὀλίγον

54 816 328 882 συνελασθέντων
352 822 490 904 χωρίον·
513 817 590 903 περὶ
613 820 676 902 γδρ
699 831 771 896 ταίς
792 821 910 896 πύλαις
933 820 951 885 ὁ
975 819 1066 903 ἀγὼν
1094 841 1107 880 5
1159 822 1165 832 '

54 919 103 1005 ἦν·
126 922 218 1001 ὀξεῖα
236 922 292 988 καὶ
311 925 436 1012 χαλεπὴ
456 924 555 1009 μάχη,
574 924 628 990 καὶ
646 924 759 1008 νεκροὶ
775 921 851 1011 παρ’
869 924 1066 1011 ἀμφοτέρων

53 1035 173 1095 πολλοί.
220 1029 260 1094 ἐν
289 1032 395 1119 τούτῳ
426 1040 472 1118 τῷ
503 1033 588 1119 ἔργφ
620 1031 637 1094 ύ
667 1054 702 1095 τε
731 1032 910 1113 [Μάλλιος]
941 1031 1100 1109 ύτιατος2

56 1134 225 1218 ἐκβοηθῶν
256 1138 324 1221 ἅμα
354 1147 424 1214 τοῖς
454 1139 625 1220 ίππεῦσιν,
658 1136 771 1221 ἐπειδὴ
801 1137 819 1202 ὁ
847 1139 945 1214 ἵππος
973 1141 1066 1203 ἔπεσε

54 1241 324 1329 συγκατενεχθεὶς
350 1241 406 1307 καὶ
434 1242 598 1320 ἀδύνατος
622 1243 669 1307 διν
692 1242 873 1326 ἀναστῆναι
896 1244 961 1311 ὑπὸ
983 1248 1066 1329 πλη-

52 1354 131 1424 θους
157 1349 374 1433 τραυμάτων,
402 1349 606 1432 ἀποθνήσκει
634 1347 689 1414 καὶ
715 1347 833 1414 πολλοὶ
860 1348 914 1414 καὶ
942 1349 1065 1433 ἀγαθοὶ
1080 1371 1106 1409 10

51 1453 120 1536 περὶ
145 1454 249 1519 αύτὸν
272 1455 369 1520 ἄλλοι
392 1453 472 1520 νίοι.
510 1455 590 1538 μετὰ
613 1451 650 1518 δὲ
667 1457 705 1519 τὸ
724 1455 832 1530 τάθος
849 1452 938 1519 τοῦτ’
961 1455 1065 1533 εὐθὺς

52 1560 67 1624 ὁ
93 1559 196 1645 χάραξ
225 1561 395 1644 ἡλίσκετο,
423 1558 478 1625 καλ
506 1559 598 1637 τέλος
625 1557 690 1646 εἶχε
718 1571 787 1638 τοῖς
814 1563 997 1646 Τυρρηνοῖς
1024 1563 1064 1626 τδι

53 1668 266 1750 μαντεύματα.
313 1670 346 1731 εί
371 1663 432 1750 μὲν
461 1661 524 1733 οὖν
549 1665 783 1750 ἐταμιεύσαντο
805 1668 868 1749 τὴν
891 1671 1099 1753 παροῦσαν3

52 1772 204 1857 εὐτυχίαν
231 1771 286 1837 καὶ
315 1774 371 1838 διά
399 1778 549 1856 φυλακῆς
577 1776 675 1859 ἔσχον
702 1775 761 1838 τὸν
785 1774 926 1858 χάρακα,
954 1775 1011 1850 τάς
1033 1772 1061 1839 τ’

8 1877 235 1955 ιτῑοάποσκευάς
257 1889 325 1944 τῶν
339 1877 509 1963 Ῥωμαίων
532 1877 691 1964 κατέσχον
710 1877 765 1943 καλ
784 1879 905 1956 αὐτοὺς
923 1881 1065 1966 αἰσχρῶς
1080 1899 1104 1938 15

54 1983 209 2050 ἀπελθεῖν
232 1986 439 2068 ἠνάγκασαν·
467 1993 532 2050 νῦν
556 1981 592 2049 δὲ
615 1987 697 2071 πρὸς
721 1979 872 2070 ἁρπαγὴν
894 1997 961 2050 τῶν
984 1985 1064 2051 ἄπο-

56 2089 482 2174 λειφθίντων-τραπόμενοι
504 2088 807 2174 καλάναύύχοντες
829 2092 866 2154 τὸ
890 2093 1008 2156 λοιιιὸν
1031 2089 1084 2156 ολ

50 2201 180 2273 πλείους
204 2197 311 2280 καλὴν
334 2198 441 2282 άγραν
465 2196 590 2261 ἐκτῶν
614 2207 733 2281 χειρῶν
756 2191 980 2282 άφηρέθησαν.
1019 2196 1064 2274 ὡς

56 2304 109 2386 γάρ
138 2301 336 2387 ἀπηγγέλθη
365 2302 497 2391 θατέρῳ
527 2313 595 2368 τῶν
624 2302 759 2367 ὑπάτων
786 2303 806 2384 η
834 2311 895 2367 τοῦ
922 2298 1064 2388 χάρακος

48 2409 179 2492 άλωσις,
201 2409 357 2491 ἠπείγετο
380 2411 444 2473 σὺν
467 2420 536 2486 τοῖς
559 2407 705 2493 ἀρίστοις
729 2404 853 2472 ίππέων
876 2430 910 2471 τε
934 2404 988 2472 καὶ
1006 2429 1062 2472 πε-
1077 2429 1104 2466 ω

56 2516 118 2604 ζῶν.
164 2513 222 2579 καὶ
248 2515 285 2579 os
310 2511 478 2600 Τυρρηνοὶ
500 2515 666 2596 μαθόντες
689 2511 790 2578 αὐτὸν
814 2511 948 2578 ἐπιόντα
971 2517 1098 2598 περι-4

56 2621 283 2705 εστεφάνωσαν
305 2622 364 2685 τὸν
388 2619 525 2705 χάρακα,
549 2619 634 2703 μάχη
659 2617 687 2682 τ’
709 2619 820 2684 αὐτῶν
840 2622 967 2701 γίνεται
985 2644 1063 2706 καρ-

55 2727 122 2811 τερὰ
150 2737 221 2790 τῶν
250 2722 311 2809 μὲν
339 2725 578 2807 ἀνασώσασθαι
606 2724 823 2809 βουλομένων
848 2726 888 2790 τὰ
912 2726 1064 2813 σφέτερα,

56 2843 112 2897 τῶν
131 2831 180 2914 δέ,
200 2833 246 2916 μὴ
265 2829 412 2896 πασσυδί
430 2833 666 2916 διαφθαρῶσιν
685 2829 823 2908 ἁλόντος
836 2842 897 2898 τοῦ
911 2833 1064 2919 χάρακος,

57 2939 259 3005 δεδοικότων.
309 2941 433 3021 χρόνον
462 2933 499 3001 δὲ
525 2935 704 3020 γινομένου
733 2942 887 3013 πλείονος
914 2938 968 3004 καὶ
996 2949 1064 3004 τῶν
1078 2957 1103 2999 εσ

61 3049 235 3130 Τυρρηνῶν
258 3045 365 3109 πολλά
388 3043 677 3108 πλεονεκτούντων
692 3081 733 3088 -
750 3037 793 3126 ἦν
816 3044 879 3130 γὰρ
899 3044 1011 3120 αὐτοῖς
1030 3043 1062 3122 ἐξ
1084 3087 1088 3093 ·

8 3303 9 3314 2
118 3273 167 3326 7
151 3293 167 3326 ο
187 3291 218 3326 τε
237 3270 345 3332 ύιτατος
359 3269 485 3331 Μάλλιος
503 3269 526 3322 Β
545 3266 603 3322 ότε
618 3271 689 3323 Μύ
693 3271 738 3322 ,Β
755 3267 882 3330 Μάλλιος
900 3269 956 3324 del
969 3267 1063 3323 Kiess

8 3339 108 3410 ling
180 3348 215 3396 14
235 3339 312 3410 εἶχον
331 3341 354 3394 Ο
375 3339 456 3410 ἔσχον
476 3339 634 3408 Stephanus
707 3344 741 3392 15
759 3337 844 3393 κατέο
862 3358 895 3393 ον
914 3338 992 3394 δυο.
1012 3339 1064 3394 00-

58 3409 99 3465 bet
87 3414 225 3482 mobsp
229 3418 303 3466 1.74
377 3410 447 3480 16η
429 3410 556 3500 ίχνάγκαζ
556 3429 588 3464 ον
541 3409 630 3474 {O
649 3409 706 3478 ἠνά
687 3427 873 3479 αγκασανγ
854 3408 957 3480 ylburg
1032 3419 1062 3466 17

8 3495 9 3536 ῑ
59 3483 195 3539 ιδλοικὸν
204 3431 283 3538 ραδδ.
303 3482 393 3536 Βτδν
412 3481 542 3536 κύπονο
558 3480 701 3549 Kiessling

8 3587 10 3706 λ

8 3711 10 3780 7

849 3572 903 3624 19*
