2484 3876
117 236 181 301 166
539 241 705 291 -Η-

115 397 262 483 ἀγαθόν,
287 399 338 464 ὅτι
361 422 417 483 μοι
440 398 496 465 καὶ
522 403 702 487 πρότερον,
730 401 784 466 ὅτε
811 403 948 484 πολίτης
973 395 1135 484 ύμέτερος

115 499 158 589 ήν
181 501 236 569 καὶ
257 505 298 569 τδι
319 507 417 571 κοινδι
439 508 616 593 ἔπραττον,
642 506 681 574 ἐν
702 511 840 584 πολλοῖς
861 505 917 572 καὶ
938 503 1136 588 ἀναγκαίοις

116 609 272 696 ἐγένεσθε
298 623 427 698 καιροῖς
448 615 619 700 χρήσιμοι,
648 613 704 680 καὶ
731 615 812 699 μετὰ
838 615 901 698 τήν
927 614 1042 698 φυγήν
1069 611 1135 678 οὐκ

115 716 346 804 ἀπεστράφητέ
378 743 418 804 με
455 723 698 807 καταφρονήσει
733 730 792 804 της
827 724 901 786 τότε
932 720 1049 805 τύχης,
1085 718 1208 796 ὡςισοε

87 826 192 892 εούτε
225 828 345 912 φίλους
375 821 414 891 εὖ
444 837 554 892 ποιεῖν
586 828 776 912 δυνάμενον
812 829 860 893 ἔτι
890 823 961 892 οὔτ’
986 824 1135 911 ἐχθροὺς

114 943 240 1016 κακῶς,
277 931 359 997 ἀλλὰ
397 928 532 1018 χρηστοὶ
567 929 624 998 καὶ
658 929 789 1018 βέβαιοι
821 933 1004 1016 διεμείνατε
1035 935 1134 1016 φίλοι

118 1040 241 1124 μητρός
265 1061 299 1102 τε
325 1045 382 1118 τῆς
408 1035 488 1121 ἐμῆς
511 1039 692 1122 κηδόμενοι
713 1035 768 1104 καὶ
797 1028 956 1121 γυναικὸς
979 1035 1034 1104 καὶ
1060 1035 1136 1102 τέκ-

117 1168 204 1226 νων,
230 1141 285 1208 καὶ
311 1143 370 1219 τὰς
397 1144 571 1230 συμφορὰς
592 1144 706 1221 αὐτοῖς
728 1143 936 1231 κουφοτέρας
956 1154 1136 1221 ποιοῦντες

80 1259 186 1328 2ταίς
227 1249 328 1326 ίδίαις
368 1247 575 1333 ἐπιμελείαις.
629 1261 699 1328 τοϊς
739 1247 773 1315 δ’
813 1252 928 1328 ἄλλοις
960 1248 1136 1336 Ῥωμαίοις

76 1385 103 1426 10
116 1353 306 1442 ἀπέχθομαί
328 1351 358 1420 τ’
391 1356 435 1432 ὡς
462 1357 608 1442 δύναμαι
634 1358 776 1441 μάλιστα
803 1355 872 1440 [καὶ
898 1359 1045 1442 πολεμῶ]
1075 1353 1136 1422 καὶ

117 1458 274 1528 οὐδέποτε
297 1471 405 1546 μισῶν
426 1463 549 1540 αὐτοὺς
571 1465 752 1548 παύσομαι·
780 1465 816 1530 οἵ
836 1487 876 1547 με
899 1463 973 1530 ἀντὶ
995 1467 1135 1530 πολλῶν

116 1567 171 1635 καὶ
190 1573 300 1636 καλῶν
319 1571 438 1654 ἔργων,
457 1567 509 1654 ἐφ’
524 1565 575 1646 οὶς
593 1575 754 1654 τιμᾶσθαι
766 1578 943 1657 προσῆκεν,
962 1570 1006 1647 ὡς
1019 1569 1061 1634 τὰ
1074 1568 1135 1654 μέ-

117 1692 214 1758 γιστα
240 1673 483 1760 ἐξημαρτηκότα
505 1673 581 1760 περὶ
602 1677 640 1741 τὸ
663 1677 779 1743 κοινὸν
803 1677 945 1763 αίσχρῶς
967 1673 1135 1759 ἐξήλασαν

118 1779 155 1845 ἐκ
179 1790 238 1863 τῆς
264 1781 437 1865 πατρίδος,
467 1782 543 1847 οὔτε
570 1781 694 1868 μητέρα
721 1781 934 1860 αίδεσθίντες
959 1781 1021 1864 τήν
1048 1781 1136 1867 ἐμήν

78 1915 104 1956 15
118 1887 194 1952 ούτε
217 1887 333 1952 παιδία
356 1885 547 1970 ἐλεήσαντες
570 1885 639 1954 οὔτ’
662 1891 744 1954 ἄλλο
761 1888 871 1965 πόθος
888 1889 1013 1976 ήμερον
1030 1885 1137 1954 ούδέν

83 1991 172 2071 3ἐπδ
200 2005 272 2070 ταῖς
295 1992 387 2077 ἐμαῖς
413 1995 570 2079 λαβόντες
595 1996 718 2079 τύχαις.
764 1998 929 2080 μαθόντες
955 1991 993 2059 δὲ
1021 2005 1136 2078 τοῦτο,

118 2102 151 2165 εί
180 2095 241 2185 μὲν
274 2098 368 2165 αὐτοὶ
401 2098 519 2166 δεῖσθέ
549 2124 609 2167 τον
640 2098 717 2186 παρ’
743 2101 853 2186 ήμῶν,
886 2099 994 2185 λέγετε
1022 2099 1137 2187 μηθὲν
1240 2171 1241 2174 ,

12 2231 25 2265 >
119 2208 306 2292 ὀκνοῦντες,
326 2207 372 2285 ὡς
390 2207 534 2285 οὐθενὸς
552 2206 770 2293 ἀτυχήσοντες
786 2219 855 2273 τῶν
873 2207 1039 2293 δυνατῶν,
1056 2207 1136 2293 περὶ

119 2312 157 2381 δέ
184 2319 298 2400 φιλίας
246 2313 379 2381 καίὶ
406 2316 611 2398 διαλλαγῶν,
638 2313 677 2391 ἀς
704 2312 837 2391 ἀξιοῦτέ
860 2334 901 2398 με
927 2317 1137 2398 ποιήσασθαι

43 2457 106 2529 7²⁰
119 2423 249 2508 πρὸς
219 2445 278 2488 τον
298 2424 406 2507 δήμου
420 2421 477 2488 ἐπὶ
495 2433 566 2499 ταῖς
584 2420 692 2487 ἐλπίσι
708 2429 765 2504 τῆς
777 2423 940 2506 καθόδου,
958 2422 1136 2486 παύσασθε
1239 2469 1240 2482 ,

120 2530 357 2614 διαλεγόμενοι.
406 2529 495 2594 πάνυ
527 2529 591 2614 γὰρ
623 2526 798 2612 ἀγαπητῶς
828 2526 984 2611 δεξαίμην
1014 2526 1056 2592 δν
1086 2529 1202 2606 είςιόθο

118 2636 275 2719 τοιαύτην
304 2641 479 2700 κατελθεῖν
508 2637 623 2719 πόλιν,
655 2627 741 2699 ἐν
721 2659 742 2720 η
771 2633 812 2698 τά
841 2630 903 2718 μὲν
926 2644 989 2718 τῆς
1018 2633 1136 2719 ἀρετῆς
1238 2699 1239 2712 ,

120 2733 209 2802 ἆθλα
227 2739 247 2821 ή
267 2742 364 2804 κακία
382 2739 528 2824 φέρεται,
546 2742 604 2816 τδις
621 2737 659 2805 δὲ
676 2750 744 2806 τῶν
761 2741 957 2822 κακούργων
974 2744 1136 2827 τιμωρίας
1238 2725 1239 2728 ¹

83 2843 156 2925 4οί
175 2839 281 2927 μηδὲν
302 2843 524 2930 ἡμαρτηκότες
546 2844 781 2928 ὑπομένουσιν.
825 2844 909 2928 ἐπεί,
932 2843 1028 2930 φέρε,
1050 2848 1136 2933 πρὸς

80 2982 107 3024 2⁶
120 2955 211 3016 θεῶν
238 2947 353 3014 είπατέ
377 2973 450 3034 μοι,
476 2953 568 3027 τίνος
594 2949 794 3034 ἀδικήματος
816 2952 905 3039 αίτίρι
926 2952 1047 3034 ταύτης
1069 2950 1135 3035 ἐγὼ
1237 3001 1238 3034 ,

119 3059 317 3143 πεπείραμαι
339 3065 397 3139 τῆς
420 3057 530 3142 τύχης,
553 3056 573 3141 ή
596 3066 694 3122 ποῖον
717 3055 932 3142 ἐπιτηδεύσας
955 3059 1054 3142 ἔργον
1077 3057 1136 3123 ἀν-

120 3163 214 3244 άξιον
237 3175 305 3231 τῶν
327 3163 472 3249 ἐμαυτοῦ
494 3166 684 3248 προγόνους
711 3164 846 3248 πρώτην
868 3162 1136 3249 ἐστρατευσάμην

193 3362 340 3422 λπολλοῖς
357 3377 394 3411 κα
375 3356 481 3424 οιαὶάγ
482 3358 547 3417 θοός
566 3351 699 3424 ἐγένεσθε
717 3355 743 3409 Α
828 3360 862 3410 10
881 3358 931 3411 καλ
948 3359 1059 3426 πολεμῶ
1079 3355 1134 3411 del.

121 3427 245 3481 Reudler
262 3429 351 3485 Tiroc.
371 3427 471 3496 erit.p
473 3431 529 3481 ,55
552 3425 600 3481 nal
619 3425 729 3500 πολέμω
748 3425 823 3479 Prou
914 3436 946 3483 11
967 3428 1001 3481 οί
1013 3375 1134 3500 μ<ε>Β

124 3503 157 3551 14
172 3496 335 3570 (αί>δεσθέ
336 3517 398 3561 ντες
416 3496 508 3565 Βὴ
451 3445 508 3569 ήὴ
475 3516 491 3550 τ
510 3516 527 3550 ν
545 3496 610 3552 add.
629 3496 651 3550 B
728 3501 758 3551 16
777 3494 809 3550 δὲ
829 3495 852 3550 Ο
872 3496 908 3565 δή
926 3497 1071 3568 Kiessling
