2484 3876
158 183 201 247 98
582 185 745 232 -Z-

158 343 294 422 αὔξεταί
308 366 344 408 τε
362 341 418 409 καί
435 342 589 428 τρέφεται
607 344 777 427 τυραννίς·
797 343 844 406 ἔτι
859 337 889 406 δ’
905 339 1008 407 αὐτοῦ
1021 337 1172 422 λέγοντος

159 449 241 514 ὅσον
264 444 325 532 μὲν
347 442 390 531 ἦν
413 458 474 514 τοῦ
498 449 681 532 δημοτικοῦ
704 445 826 533 μέρους
849 441 988 522 ἐπιεικὲς
1009 443 1064 509 καὶ
1082 447 1173 528 φιλό-

159 571 303 642 χρηστον
330 553 490 620 ἀπολύειν
519 553 598 638 ἐβόα
626 555 686 619 τὸν
713 554 837 637 ἀνδρα,
866 550 922 618 καί
949 545 994 616 δι’
1019 551 1174 636 αἰσχύνης
1213 577 1216 588 ·

159 660 355 745 ἐλάμβανεν,
378 663 410 725 εἰ
430 662 486 726 καί
509 661 607 744 δίκην
628 658 742 745 ὑπεῖχε
765 660 826 743 την
849 658 956 745 ἀρχὴν
973 657 1048 744 περί
1067 657 1174 722 τοιαύ-

134 791 147 832 ε
161 790 218 850 της
236 767 341 844 αἰτίας
358 765 443 853 άνηρ
460 765 657 843 τοσαυτάκις
673 765 842 850 ὑπεριδὼν
861 774 919 850 τῆς
938 761 1058 830 ἑαυτοῦ
1072 771 1175 847 ψυχῆς

125 871 257 944 4ἕνεκα
279 881 337 956 τῆς
358 870 514 938 ἁπάντων
535 876 694 957 φυλακῆς.
736 872 809 937 ὅσοι
832 869 863 937 δ’
888 866 975 955 ἦσαν
997 870 1098 956 φύσει
1120 867 1175 952 βά-

161 997 278 1044 σκανοι
301 977 356 1044 καί
379 980 594 1064 μισόχρηστοι
616 974 672 1042 καί
689 979 772 1062 πρὸς
789 986 899 1043 πᾶσαν
917 977 1086 1059 εὐκίνητοι
1105 973 1175 1038 στά-

162 1099 233 1167 σιν,
255 1085 402 1168 ἤχθοντο
425 1080 486 1166 μὲν
509 1080 668 1147 ἀπολύειν
691 1082 751 1147 τὸν
773 1082 881 1167 ἄνδρα
903 1080 1096 1166 μέλλοντες,
1118 1079 1176 1145 οὐκ

161 1184 253 1275 εἰχον
280 1185 326 1270 δ’,
353 1187 371 1252 ὅ
394 1210 426 1251 τι
448 1186 491 1252 ἂν
515 1188 597 1252 ἀλλο
619 1197 740 1252 ποιῶσι
764 1187 820 1251 διδ
842 1189 879 1254 τὸ
903 1189 1068 1272 μηδεμίαν
1092 1187 1175 1269 εὑρί-

123 1317 149 1358 ιο
164 1311 256 1360 σκειν
274 1292 430 1379 ἀφορμὴν
448 1294 648 1379 τυραννίδος
665 1290 846 1371 ἐπιθέσεως
858 1292 1078 1378 φαινομένην,
1096 1288 1175 1375 ὑπὲρ

162 1395 201 1484 ἧς
222 1400 280 1476 τὰς
301 1402 435 1484 ψήφους
456 1398 688 1484 ἀνειλήφεσαν.

228 1505 349 1570 Lxffl.
383 1509 489 1571 Τοῦτο
511 1505 715 1590 καταμαθὼν
737 1504 756 1570 δ
779 1503 902 1583 Δέκιος
924 1504 1059 1586 ἐκεῖνος,
1084 1505 1102 1571 ὁ
1125 1501 1227 1569 καίιιοι

162 1615 240 1688 τοὺς
262 1612 299 1677 ἐν
321 1619 360 1696 τῇ
384 1615 490 1696 βουλῇ
512 1610 735 1695 ποιησάμενος
756 1613 878 1695 λόγους
899 1608 954 1676 καί
977 1614 1014 1677 τὸ
1034 1611 1176 1697 προβού-

163 1723 267 1802 λευμα
289 1715 444 1802 περὶτῆς
467 1718 561 1801 δίκης
582 1725 751 1803 γραφῆναι
774 1717 1036 1802 παρασκευάσας,
1061 1714 1175 1797 ἀνέστη
1226 1795 1227 1808 ρ

125 1846 151 1887 ιι
164 1821 220 1888 καί
243 1823 372 1906 σιωπην
395 1821 553 1906 γενέσθαι
574 1824 732 1900 κελεύσας
754 1821 876 1900 ἔλεξεν·
900 1821 1049 1907 Ἐλπειδη,
1074 1818 1100 1888 ὦ
1123 1823 1176 1905 δη·
1226 1879 1227 1897 ,

165 1931 278 2014 μόται,
303 1939 371 1993 τῶν
395 1927 431 1993 έν
453 1938 493 2013 τῇ
515 1932 621 2013 βουλῇ
645 1925 833 2014 λεχθέντων
856 1929 921 1995 ὑπὸ
944 1932 1103 2011 Μαρκίου
1126 1931 1176 1992 λό·

164 2058 251 2119 γων,
286 2030 342 2098 καὶ
377 2044 445 2098 τῶν
479 2035 535 2099 διὰ
566 2034 705 2111 τούτους
736 2033 1040 2119 ἀκολουθησάντων
1074 2037 1176 2120 ἔργων

165 2143 286 2226 βιαίων
313 2162 346 2204 τε
373 2137 429 2204 καί
454 2139 679 2225 ὑπερηφάνων
706 2139 912 2206 ἀπολύουσιν
939 2140 1042 2206 αὐτὸν
1066 2141 1102 2206 οἰ
1120 2160 1176 2204 πα-

165 2251 285 2333 τρίκιοι
303 2244 359 2312 καὶ
373 2243 446 2311 οὐδ’
463 2245 543 2330 ἡμῖν
557 2244 768 2331 ἐπιτρέπουσι
781 2257 989 2331 κατηγορεῖν,
1007 2245 1177 2328 ἀκούσατε,

119 2377 151 2415 ιο
166 2346 240 2420 οἷον
271 2353 352 2437 ύμῖν
384 2354 484 2438 ἔργον
515 2350 629 2437 ἕτερον
661 2350 723 2430 ἔξω
752 2362 818 2417 τῶν
846 2354 955 2435 λόγων
983 2352 1002 2418 δ
1030 2362 1177 2436 γενναῖος

139 2475 145 2490 ‘
166 2456 264 2537 οὗτος
285 2458 370 2545 ἀνὴρ
394 2457 549 2543 τυγχάνει
573 2455 867 2545 διαπεπραγμένος,
891 2458 935 2535 ὡς
957 2458 1104 2536 αὔθαδες
1125 2453 1177 2522 καί
1225 2539 1226 2546 ¹

165 2563 451 2652 τυραννικόν,καί
470 2556 544 2630 οἷον
561 2563 657 2650 ὑμῶν
675 2561 831 2629 κατέλυσε
849 2566 955 2648 νόμον
973 2564 1073 2641 αὐτὸς
1092 2563 1177 2628 ἰδιά-
1225 2627 1226 2630 ,

131 2677 224 2754 2της
254 2671 301 2734 ὢν
331 2669 460 2754 μάθετε.
509 2676 576 2734 ίστε
607 2672 715 2753 δήπου
742 2669 877 2752 πάντες,
907 2668 957 2733 ὅτι
984 2669 1024 2733 τὰ
1051 2667 1088 2734 ἐκ
1114 2679 1177 2734 τῶν

166 2773 320 2858 πολέμων
352 2774 501 2859 λάφυρα,
534 2774 623 2839 ὅσων
652 2773 695 2838 ἀν
723 2774 804 2858 ἡμῖν
833 2775 963 2862 ὑπάρχη
992 2787 1104 2862 τυχεῖν
1132 2770 1173 2837 δι’

127 2904 153 2946 ιε
167 2879 299 2967 ἀρετήν,
322 2880 463 2962 δημόσια
482 2872 569 2943 εἰναι
587 2879 714 2942 κελεύει
733 2878 751 2944 δ
770 2880 883 2964 νόμος,
900 2877 957 2946 καὶ
974 2882 1101 2946 τούτων
1120 2878 1177 2962 οὐχ

167 2988 257 3063 ὅπως
279 3009 328 3062 τις
348 2985 480 3068 ἰδιώτης
499 2987 625 3068 γίνεται
643 2983 768 3068 κύριος,
790 2982 862 3050 ἀλλ’
881 2983 954 3052 οὐδ’
972 2987 1072 3064 αὐτὸς
1089 2985 1108 3052 δ
1125 2992 1178 3066 τῆς

239 3211 326 3282 4τήν
345 3228 397 3266 om.
417 3209 464 3264 Ba
538 3216 571 3265 10
590 3207 607 3278 ἢ
627 3205 781 3273 έπνδέοεος
800 3209 823 3265 Ο
842 3212 994 3280 praeterB
1067 3217 1099 3266 1⁷
1116 3207 1176 3264 τού-

167 3286 243 3354 τους]
267 3291 367 3338 τούτον
385 3282 410 3334 Α
483 3288 516 3335 19
541 3279 603 3336 οὐδ’
624 3282 676 3334 ΑΒ
703 3282 753 3350 οὐχ
775 3280 920 3352 Kiessling
940 3285 943 3347 Ι
964 3282 1101 3338 ἀκούσατε
1119 3277 1175 3335 οἰον

169 3353 263 3493 {affl
277 3352 354 3476 Αἡμῖν
378 3349 460 3422 ἔργον
485 3350 536 3418 ἔξω
559 3350 635 3406 τοῦτ’
657 3347 731 3405 ἐστίν
754 3352 907 3421 ἀπολογίας
926 3350 1108 3425 ἐστερημένον
1125 3358 1175 3404 τῶν
