2538 3884
523 215 688 268 ,Θ-

96 386 165 461 ρεϊς
194 376 250 440 καί
280 376 445 463 αὐχήμασι
474 377 660 462 λαμπρούς,
690 374 745 442 καλ
772 375 793 460 ἡ
822 373 883 461 μὲν
911 380 1112 464 Σερουιλίου

96 485 250 567 στρατεία
277 479 366 549 τοῦτ’
392 485 466 568 ἐσχε
493 484 530 548 τὸ
558 479 662 560 τέλος·
694 483 730 548 ολ
750 479 787 548 δδ
810 485 874 548 σὺν
897 492 941 572 τῷ
966 487 1149 573 Κοιντίφ3

97 589 355 672 στρατεύσαντες
385 588 442 655 ἐπί
467 586 495 654 τ’
524 591 695 667 Αἰκανοὺς
724 587 779 654 καὶ
810 589 1112 668 Οὐολούσκους-

96 696 373 780 συνεληλύθεσαν
393 696 457 783 γάρ
476 697 524 773 είς
541 697 600 762 τὸν
619 695 722 762 αὐτὸν
740 699 843 763 τόκον
862 695 895 775 ἐξ
915 694 1112 783 ἀμφοτέρων

94 812 165 868 τῶν
193 800 305 868 ἐθνῶν
333 803 369 869 os
392 803 702 889 προαγωνιούμενοι
724 813 791 868 τῶν
814 804 941 887 άλλων,
969 799 1024 868 καλ
1046 804 1112 888 πρὸ
1139 825 1153 867 ε

95 917 156 992 τῆς
169 905 349 974 Ἀντιατῶν
367 911 494 986 πόλεως
512 907 915 996 ἀντεστρατοπεδεύσαντο
932 945 970 956 -
987 915 1113 974 θᾶττον

28 1013 117 1099 190εῆ
141 1013 251 1099 βάδην
268 1024 455 1103 χωροῦντες
473 1014 703 1102 ἐιίλφαίνονται
722 1015 848 1094 αὐτοῖς·
871 1017 927 1081 καλ
945 1015 986 1083 οὐ
1004 1017 1113 1081 πολὺν
1177 1095 1180 1100 ¹

94 1123 201 1188 τόπον
228 1132 289 1189 τοῦ
316 1122 459 1207 χάρακος
486 1121 596 1188 αὐτῶν
624 1121 839 1208 ἀποσχόντες,
867 1122 903 1188 ἐν
931 1115 957 1210 ᾦ
980 1131 1114 1208 πρῶτον

96 1228 264 1313 ὤφθησάν
291 1250 326 1294 τε
353 1227 408 1294 καλ
436 1224 529 1294 είδον
557 1226 705 1305 ἐκείνους
730 1231 842 1317 χωρίφ
868 1235 1011 1314 ταπεινῷ
1040 1228 1113 1292 ὄντι

94 1335 156 1411 τὰς
178 1333 364 1412 ἀποσκευάς
386 1337 521 1418 ἔθεντο,
548 1343 608 1400 τοῦ
632 1335 676 1419 μὴ
701 1331 886 1400 δεδοικέναι
909 1334 949 1399 τά
971 1331 1112 1417 πολέμια
1126 1355 1154 1396 ιο

94 1442 221 1524 πλήθει
250 1450 364 1530 μακρῷ
393 1441 583 1527 προύχοντα
610 1439 713 1519 δόξαν
739 1450 875 1526 ποιῆσαι
901 1442 1112 1524 βουλόμενοι.

95 1547 142 1624 ὡς
166 1543 195 1612 δ’
219 1545 358 1634 εὐτρεπῆ
380 1548 421 1612 τά
444 1549 491 1625 είς
513 1547 620 1632 μάχην
643 1544 808 1632 ἑκατέροις
830 1548 959 1612 ἅπαντα
981 1541 1036 1630 ἦν,
1059 1543 1146 1634 ἐμ
1194 1575 1217 1622 ,η

94 1651 201 1740 ηἐσαν
219 1655 267 1731 είς
284 1655 321 1720 τὸ
340 1654 468 1738 πεδίον,
485 1650 541 1718 καλ
561 1655 783 1737 συμπεσόντες
800 1653 1002 1736 ἠγωνίζοντο
1017 1650 1113 1738 μέχρι

95 1761 265 1844 μεσούσης
286 1757 409 1847 ἡμέρας
427 1757 497 1832 οὔτ’
518 1765 661 1836 εἴκοντες
679 1769 749 1836 τοῖς
766 1761 937 1842 πολεμίοις
956 1755 1025 1824 οὔτ’
1044 1756 1113 1822 ἐπι-

96 1868 282 1950 βαίνοντες,
305 1864 360 1930 ἀεί
378 1887 412 1930 τε
435 1867 473 1930 τὸ
496 1865 625 1949 κάμνον
643 1863 742 1950 μέρος
761 1863 955 1941 ἀνισοῦντες
972 1875 1041 1940 τοῖς
1060 1861 1113 1929 ἐπὶ
1127 1883 1154 1926 ιι

96 1983 169 2049 ταῖς
201 1971 387 2058 ἐφεδρείαις
418 1968 629 2055 τεταγμένοις
661 1968 818 2056 ἑκάτεροι.
869 1968 906 2035 ἐν
938 1966 975 2034 δὲ
1006 1971 1112 2058 τούτῳ

96 2079 240 2163 μάλιστα
268 2079 303 2144 οί
322 2075 464 2143 Αἰκανοὶ
491 2076 547 2143 καὶ
572 2076 779 2143 Οὐολοῦσκοι
806 2077 930 2159 πλήθει
952 2086 1020 2141 τῶν
1037 2073 1114 2140 Ῥω-

97 2187 207 2268 μαίων
228 2184 430 2270 προύχοντες
452 2180 617 2268 ἀνέφερον
640 2179 696 2247 καλ
719 2190 897 2266 περιῆσαν,
924 2191 991 2246 τῶν
1013 2176 1112 2246 πολε·
1258 2239 1260 2270 χ

97 2293 185 2374 μίων
212 2289 274 2354 οὐκ
302 2288 446 2373 ἐχόντων
474 2294 548 2354 ίσον
574 2295 614 2374 τῇ
641 2290 815 2375 προθυμίη
842 2288 879 2352 τὸ
907 2291 1047 2370 πλῆθος.
1093 2281 1149 2353 65
1259 2311 1260 2372 χ

96 2393 136 2462 δὲ
159 2398 316 2473 Κοίντιος
343 2396 432 2482 ὁρῶν
460 2395 599 2480 νεκρούς
625 2417 660 2459 τε
685 2395 831 2470 πολλοὺς
853 2403 920 2458 τῶν
944 2391 1113 2479 σφετέρων
1127 2413 1154 2454 το

96 2500 154 2568 καὶ
182 2512 249 2580 τῶν
274 2504 459 2587 περιόντων
481 2503 560 2578 τοὺς
577 2503 711 2577 πλείους
733 2501 934 2584 τραυματίας
957 2496 1115 2584 ἐμέλλησε

97 2605 161 2692 μὲν
188 2607 427 2674 ἀνακαλεῖσθαι
453 2607 516 2691 τὴν
539 2607 700 2690 δύναμιν,
728 2607 839 2682 δείσας
863 2603 916 2690 δέ,
943 2604 988 2689 μὴ
1012 2604 1114 2682 δόξαν

96 2714 250 2801 παράσχῃ
273 2725 342 2790 τοῖς
365 2715 534 2798 πολεμίοις
552 2720 672 2798 φυγης,
694 2709 1020 2797 παρακινδυνευτέον
1039 2715 1115 2797 σφί-

35 2835 155 2888 1903σιν
188 2816 279 2885 εἶναι
306 2821 401 2903 ἐγνω.
452 2817 683 2903 ἐπιλεξάμενος
716 2814 754 2883 δέ
782 2829 850 2882 τῶν
882 2815 1007 2883 ἱππίων
1036 2819 1115 2894 τοὺς

97 2928 294 3013 κρατίστους
322 2926 403 2990 κατὰ
430 2927 467 2991 τὸ
497 2923 622 3010 δεξιόν,
650 2923 667 2988 ὃ
696 2925 837 3008 μάλιστα
863 2926 1019 3008 ἔκαμνεν,
1046 2933 1155 3001 τοῑςεε
1255 2941 1260 2956 ·

98 3030 270 3119 σφετέροις
291 3032 505 3118 παρεβοήθει.
543 3028 598 3096 καλ
620 3031 660 3096 τά
683 3026 744 3115 μὲν
768 3030 927 3114 ἐπιτιμῶν
947 3040 1016 3106 τοῖς
1037 3029 1149 3114 ἡγεκὸ
1258 3045 1260 3124 ζ

171 3187 322 3260 τετρατιά
342 3187 364 3242 O
383 3203 453 3242 corr.
473 3187 595 3256 Sylburg
663 3175 868 3255 Ὶέιτιφαίνοντ
891 3186 943 3258 αι>
962 3184 1010 3238 Bb
1081 3192 1112 3240 12
1259 3165 1260 3172 ἐ

98 3259 147 3315 καὶ
166 3261 203 3323 ὡς
220 3261 243 3313 Β
265 3262 269 3328 Ι
291 3260 416 3330 εὐπρεπῆ
436 3258 506 3313 Bac
527 3261 531 3328 Ι
552 3257 645 3312 πάντα
665 3257 688 3312 Ο
708 3275 777 3312 corr.
797 3257 878 3310 Kioss
893 3256 941 3324 'ng
1015 3261 1047 3310 15
1068 3255 1114 3310 ἀεὶ
1254 3289 1260 3328 A

99 3331 130 3386 δὲ
149 3329 253 3386 Reiske
279 3332 283 3400 Ι
307 3337 366 3393 τοῖς
385 3325 432 3384 ἐπὶ
450 3337 511 3392 ταῖς
530 3325 675 3399 ἐφεδρίαις
686 3328 719 3382 Ἀ
735 3334 794 3390 τοῖς
812 3324 958 3397 σφετέροις
975 3326 999 3379 Β
1080 3331 1113 3380 19
1254 3305 1260 3376 λ

76 3421 77 3424 ’
99 3400 158 3476 <δ>
178 3403 199 3456 Β
290 3408 322 3456 21
348 3400 510 3475 πλ<εί>ους
528 3400 550 3453 Β
576 3403 580 3470 Ι
606 3397 719 3470 ἐμέλησε
738 3399 761 3452 Β
851 3404 886 3453 24
905 3395 980 3452 εἶναι
999 3414 1052 3454 om.
1067 3396 1116 3451 Βα
1258 3377 1260 3431 λ

99 3477 133 3526 25
156 3469 170 3527 ὃ
189 3471 307 3542 μάλιστα
326 3469 447 3543 ἔκαμνεν
467 3474 512 3526 Ba
530 3474 560 3527 et
578 3471 698 3542 Sylburg
716 3464 738 3542 ᾧ
756 3490 783 3541 μ.
804 3467 928 3540 ἔκαμνον
946 3469 972 3522 R
