2508 3882
570 209 738 257 -Η-

144 369 277 452 μνήμην
300 372 435 433 οἴσοντα
458 368 494 431 ἐκ
512 377 580 432 τῶν
597 365 839 452 ἐπιγινομένων
860 367 1013 451 αἰώνιον,
1036 364 1093 432 καὶ
1112 363 1166 450 γέ-
1247 369 1249 376 ’

141 497 213 560 ρας,
242 473 261 538 ὅ
284 496 315 538 τι
338 471 381 538 ἀν
403 473 519 550 αὐταῖς
541 475 723 558 λαβούσαις
745 474 885 557 ήδιστόν
908 497 942 538 τε
966 470 1023 538 καὶ
1044 475 1160 558 τιμιώ·

141 602 241 645 τατον
263 581 399 645 ἔσεσθαι
427 577 544 666 μέλλη·
572 576 627 644 καὶ
655 579 674 646 ὁ
698 581 801 664 δῆμος
828 579 1016 666 ἐπεκύρωσε
1045 591 1229 647 ναῦταιεεο

105 689 212 764 3ταίς
240 681 277 751 δέ
304 683 436 769 γυναιξὶ
463 683 745 771 βουλευσαμέναις
760 687 935 770 εἰσῆλθεν
967 685 1160 772 ἐπιφθόνου

115 789 203 876 ιμέν
236 794 362 879 δωρεᾶς
393 794 554 877 μηδεμιᾶς
586 795 737 876 δεῖσθαι,
767 790 885 870 ἀξιοῦν
917 790 947 858 δ
985 790 1161 878 ἐπιτρέψαι

143 903 237 985 σφίσι
269 901 330 984 τήν
361 900 489 984 βουλήν
521 896 575 988 ἐπὶ
611 899 712 984 τύχης
746 909 917 982 γυναικῶν
954 899 1161 984 ἱδρύσασθαι
1250 919 1251 942 ¹

143 1007 245 1091 ἱερόν,
269 1005 307 1071 ἐν
325 998 351 1092 ᾧ
369 1006 427 1082 τὰς
444 1003 520 1090 περὶ
541 1013 600 1088 τῆς
621 1008 749 1082 πόλεως
765 1007 965 1090 ἐποιήσαπο
984 1006 1077 1082 λιτὰς
1096 1027 1162 1091 χω-

143 1113 216 1200 ρίῳ,
238 1114 363 1188 θυσίας
379 1135 415 1176 τε
433 1108 511 1177 καθ’
533 1110 673 1177 ἕκαστον
692 1113 764 1188 ἔτος
781 1109 865 1196 αὐτῇ
888 1112 1072 1189 συνιούσας
1090 1110 1161 1176 ἐπι-

142 1220 251 1282 τελεῖν
269 1215 307 1281 ἐν
324 1209 347 1304 ᾖ
365 1218 424 1282 τὸν
442 1219 590 1300 πόλεμον
604 1219 727 1282 ἔλυσαν
740 1213 854 1304 ἡμέρα
887 1216 1037 1301 ήμέντοι
1051 1218 1160 1302 βουλή

105 1344 130 1384 ιο
144 1320 199 1387 καὶ
227 1323 245 1390 ὁ
278 1324 382 1407 δῆμος
408 1321 473 1389 ἀπὸ
500 1333 567 1388 τῶν
594 1334 718 1389 κοινῶν
745 1322 953 1408 ἐψηφίσαντο
980 1324 1162 1410 χρημάτων

143 1425 279 1512 τέμενός
296 1423 324 1495 τ’
346 1426 479 1513 ὠνηθὲν
498 1435 749 1514 καθιερωθῆναι
770 1439 809 1515 τῇ
828 1436 910 1518 θεῷ,
932 1427 989 1495 καὶ
1008 1429 1046 1496 ἐν
1069 1431 1228 1519 αύτςῦ163ι

64 1591 73 1611 ,
143 1537 229 1602 νεὼν
256 1534 312 1602 καὶ
339 1540 469 1622 βωμόν,
499 1536 544 1613 ὡς
570 1535 612 1602 ἀν
640 1536 676 1601 οί
701 1535 939 1620 ἱερομνήμονες
966 1535 1163 1620 ἐξηγῶνται,
1252 1623 1253 1626 ¹

144 1648 419 1725 συντελεσθῆναι,
435 1644 558 1718 θυσίας
576 1663 611 1706 τε
629 1640 859 1726 προσάγεσθαι
878 1641 1068 1725 δημοτελεῖς
1084 1661 1230 1711 κατ-1638

144 1746 328 1833 ἀρχομένης
358 1758 426 1812 τῶν
458 1747 558 1833 ίερῶν
589 1750 763 1831 γυναικός,
793 1746 838 1830 ἣν
864 1745 908 1812 ἀν
937 1746 1163 1826 ἀποδείξωσιν

106 1837 243 1948 ἓαῦταὶ
266 1855 461 1938 λειτουργὸν
478 1862 545 1918 τῶν
565 1852 673 1938 ἱερῶν.
717 1861 820 1918 ταῦτα
838 1861 896 1937 τῆς
913 1856 1038 1938 βουλῆς
1055 1864 1164 1939 ψηφι-

145 1956 289 2043 σαμένης
312 1957 414 2044 ἱέρεια
436 1955 498 2044 μέν
516 1958 582 2025 ὑπὸ
605 1970 672 2025 τῶν
689 1969 860 2043 γυναικῶν
880 1959 1062 2046 ἀπεδείχθη
1086 1963 1164 2026 τότε

144 2075 277 2151 πρῶτον
303 2065 324 2150 ἡ
352 2067 413 2150 τήν
436 2067 573 2150 γνώμην
595 2065 710 2142 αὐτοῖς
736 2065 981 2150 εἰσηγησαμένη
1004 2063 1165 2152 περὶτῆς

144 2175 319 2258 πρεσβείας
343 2171 509 2257 Οὐαλερία
531 2169 586 2237 καὶ
608 2172 670 2255 τήν
692 2169 816 2257 μητέρα
834 2183 895 2238 τοῦ
912 2175 1071 2257 Μαρκίου
1090 2177 1165 2238 πεί-

146 2296 230 2345 σασα
254 2278 480 2364 συλλαβέσθαι
504 2281 598 2363 σφίσι
616 2287 674 2362 τῆς
692 2276 819 2356 ἐξόδου.
864 2275 1048 2344 θυσίανδέ
1071 2281 1165 2364 uoda-

105 2406 131 2446 ιο
145 2411 206 2471 την
224 2388 263 2452 αί
278 2397 432 2470 γυναῖκες
450 2388 578 2452 ἔθυσαν
596 2381 679 2470 ὑπὲρ
703 2395 764 2451 τοῦ
787 2386 896 2470 δήμου
915 2381 1166 2472 καταρχομέύης

145 2504 212 2558 τῶν
241 2495 340 2579 ίερῶν
366 2503 425 2578 τής
453 2492 636 2578 Οὐαλερίας
663 2489 717 2556 ἐπὶ
743 2502 803 2558 τοῦ
832 2491 1166 2571 κατασκευασθέντος

145 2599 182 2665 ἐν
205 2610 250 2688 τῷ
273 2599 400 2686 τεμένει
423 2604 549 2685 βωμοῦ,
571 2597 652 2684 πρὶν
674 2598 695 2683 ή
718 2600 777 2664 τὸν
794 2599 882 2692 νεὼν
904 2595 960 2664 καὶ
982 2599 1020 2663 τὸ
1037 2598 1165 2676 ξόανον

146 2705 391 2790 ἀνασταθῆναι,
420 2703 500 2790 μηνὶ
523 2708 719 2794 Δεκεμβρίῳ
747 2713 808 2769 τοῦ
830 2707 968 2769 κατόπιν
991 2703 1165 2789 ἐνιαυτοῦ,

146 2817 185 2894 τῇ
209 2807 269 2896 νέᾳ
291 2812 429 2897 σελήνη,
458 2811 501 2893 ἣν
518 2808 678 2894 Ἕλληνες
700 2805 761 2895 μέν
785 2812 987 2894 νουμηνίαν,
1005 2807 1165 2896 Ῥωμαῖοι

146 2965 207 3020 Em.
226 2964 307 3020 Dion.
326 2965 366 3019 ΙΠ
382 2972 415 3020 16
443 2965 541 3035 στήλης
559 2967 695 3035 δημοσίας
714 2961 857 3037 ἐπιγραφή
881 2984 904 3021 ο.
928 2965 1084 3036 Κὶοεείἰως,
1111 2985 1164 3037 pro

146 3035 235 3091 πύλαι
253 3039 373 3112 δημοσίᾳ
392 3053 415 3092 ο.
436 3037 537 3092 Garrer
555 3037 621 3092 Obs.
635 3053 662 3105 p.
678 3041 712 3090 45
730 3037 881 3107 πανδημεὶ,
900 3041 1009 3111 παλαιᾷ
1028 3053 1082 3107 ego

219 3115 235 3163 3
254 3109 345 3178 μέλλοι
366 3113 390 3162 Δ
429 3111 433 3178 Ι
467 3109 554 3164 verba
571 3108 621 3164 καὶ
639 3107 654 3162 δ
673 3111 760 3178 δῆμος
779 3105 936 3178 ἐπεκύρωσε
954 3117 1044 3162 ταῦτα
1064 3125 1120 3163 om.
1139 3108 1163 3162 Β

147 3187 164 3234 4
183 3177 298 3250 εἰσῆλθε
316 3179 339 3233 Β
363 3177 501 3235 εἰσελθεῖν
520 3179 551 3237 Ο,
564 3176 658 3235 ἐδόκει
677 3179 759 3233 ACm
870 3186 886 3234 6
905 3174 954 3233 ἐπὶ
976 3179 1031 3233 del.
1056 3177 1163 3234 Reiske

150 3252 242 3322 Τύχης
261 3250 337 3323 ίερόν
356 3251 508 3318 (Fortunae
526 3253 675 3321 templum)
695 3197 806 3318 Βείεὶο,
825 3249 977 3319 Kiessling,
996 3249 1072 3303 Prou
1147 3257 1163 3303 ‘1

146 3324 217 3395 ὑπὲρ
239 3324 328 3379 Cobet
342 3323 407 3378 Obs.
426 3341 453 3392 p.
470 3328 520 3378 166
599 3329 632 3376 10
651 3317 810 3390 ἐψηφίσατο
828 3320 907 3375 ΑΒε
987 3325 1021 3373 14
1039 3319 1077 3376 ἂν
1097 3321 1163 3377 εδδ.

147 3396 194 3450 Bb
255 3401 287 3451 15
307 3391 392 3452 αὗται
410 3394 432 3448 Ο
447 3411 516 3448 corr.
537 3393 658 3463 Sylburg
718 3399 749 3447 17
769 3391 905 3514 πράτχο.
926 3391 1051 3447 Reudler
1069 3391 1163 3446 Tiroc.

148 3465 208 3520 crib.
227 3485 255 3536 p.
271 3473 304 3521 56
377 3471 411 3521 22
430 3465 526 3520 νεὼΒ
599 3469 633 3518 23
652 3464 831 3532 ἀνατεθῆναι
874 3461 993 3531 iessling
