2508 3882
157 157 224 220 262
581 157 750 206 -H-

156 319 229 402 χίας
251 315 445 404 ὑποσχέσεις
469 316 651 395 ἐψεύσαντο
673 317 757 401 πρὸς
779 316 912 392 αὐτούς·
943 316 1111 388 συνιόντες
1129 334 1160 375 τε

157 423 238 488 κατὰ
252 428 381 507 πλῆθος
399 421 453 489 ἐπὶ
472 426 550 499 τοὺς
568 423 757 506 δημάρχους
776 422 947 500 ὠνείδιζον
966 420 1078 495 αὐτοῖς
1090 440 1163 503 προ-

158 530 276 594 δοσίαν
303 527 359 594 καὶ
391 532 558 614 κατεβόων
590 527 843 613 ἐπικαλούμενοι
875 530 937 611 τὴν
969 526 1003 606 ἐξ
1036 524 1163 590 ἐκείνων

122 636 356 720 4συμμαχίαν.
405 645 474 711 τοῖς
503 629 564 717 μὲν
594 627 657 699 οὑν
687 635 799 711 ἄλλοις
828 633 889 698 οὐκ
923 632 1033 698 ἐδόκει
1059 633 1164 716 καιρὸς

131 761 144 802 ι
159 739 330 826 ἁρμόττων
350 736 436 805 εἶναι
454 739 602 823 πολέμου
621 749 823 815 συνεστῶτος
841 739 1023 824 ὑπερορίου
1041 739 1096 813 τάς
1109 751 1223 801 rto-1724

157 847 283 923 λιτικάς
315 848 438 933 ἔχθρας
469 844 715 930 ἀναζωπυρεῖν,
750 834 798 920 εἷς
836 841 877 908 δέ
905 867 955 921 τις
990 842 1024 922 ἐξ
1062 842 1163 907 αὐτῶν

157 953 258 1030 Γάϊος
284 955 432 1028 Μαίνιος
460 950 522 1018 οὐκ
549 953 611 1035 ἐφη
639 951 826 1042 προδώσειν
854 953 931 1027 τοὺς
963 948 1165 1034 δημοτικούς,

157 1056 230 1124 οὐδ’
262 1054 448 1141 ἐπιτρέψειν
481 1067 552 1134 τοῖς
585 1057 722 1134 ὑπάτοις
749 1057 905 1142 στρατιάν
936 1054 1166 1140 καταγράφειν,

94 1167 99 1178 “
157 1163 216 1228 ἐδιν
235 1163 278 1246 μὴ
297 1164 461 1248 πρότερον
479 1161 678 1241 ἀποδείξωσι
691 1165 769 1240 τοὺς
788 1163 920 1248 ὁριστὰς
936 1171 994 1245 τῆς
1014 1163 1167 1246 δημοσίας

118 1288 143 1328 ιο
157 1277 218 1351 γῆς
243 1267 298 1333 καὶ
325 1270 363 1333 τὸ
390 1267 466 1354 περὶ
494 1277 551 1352 τῆς
576 1273 775 1355 κληρουχίας
804 1270 958 1354 ψήφισμα
986 1267 1167 1353 γράψαντες

156 1376 203 1449 είς
234 1377 292 1440 τὸν
326 1375 433 1459 δῆμον
468 1372 689 1457 ἐξενέγκωσιν.
746 1374 989 1458 ἀντιλεγόντων
1022 1368 1059 1437 δέ
1089 1373 1168 1455 πρὸς

155 1489 257 1546 ταῦτα
280 1491 347 1545 τῶν
366 1481 501 1546 ὑπάτων
524 1479 578 1546 καὶ
601 1484 771 1567 πρόφασιν
794 1477 1006 1564 ποιουμένων
1028 1487 1088 1544 τοῦ
1110 1501 1169 1561 μη-

155 1581 219 1650 θδν
247 1586 335 1674 αὐτῷ
364 1598 565 1672 συγχωρεῖν,
594 1581 641 1651 ὧν
668 1585 779 1671 ἠξίου,
806 1588 866 1652 τὸν
892 1586 930 1651 ἐν
953 1584 1069 1671 χερσὶν
1092 1586 1168 1648 όντα

155 1692 316 1775 πόλεμον,
345 1692 407 1756 οὐκ
435 1695 498 1777 ἔφη
526 1691 698 1778 προσάξειν
727 1693 840 1770 αὐτοῖς
866 1695 925 1759 τὸν
954 1701 1057 1775 νοῦν,
1088 1689 1168 1754 ἀλλά

116 1776 318 1888 ,ῗχκωλύσειν
336 1796 446 1884 άπάση
470 1800 610 1882 δυνάμει
632 1799 694 1881 τὴν
714 1801 941 1884 καταγραφήν.
988 1796 1045 1862 καὶ
1067 1796 1167 1861 ἐποίει

154 1908 270 1963 ταῦτα·
294 1901 335 1964 οὐ
354 1903 420 1986 μην
440 1903 556 1988 ῖσχυσέ
572 1928 610 1988 γε
628 1903 722 1991 μέχρι
744 1904 868 1982 τέλους.
914 1891 956 1970 ού
970 1905 1034 1989 γάρ
1054 1903 1169 1968 ὑπατοι

112 2059 119 2064 .
154 2009 378 2088 προελθόντες
396 2006 456 2085 ἐξω
476 2018 534 2092 τῆς
551 2013 678 2087 πόλεως
697 2009 734 2074 ἐν
753 2018 798 2097 τῷ
818 2010 1050 2099 παρακειμένῳ
1069 2011 1168 2094 πεδίῳ

154 2111 233 2185 τοὺς
261 2117 497 2196 στρατηγικοὺς
524 2117 667 2201 δίφρους
695 2119 834 2198 ἔθηκαν
863 2115 1013 2182 ἐνταῦθα
1035 2112 1170 2180 καὶτὸν

155 2219 390 2296 στρατιωτικὸν
409 2216 584 2287 ἐποιοῦντο
607 2223 803 2306 κατάλογον,
826 2220 983 2299 καὶτοὺς
1006 2221 1068 2307 οὑχ
1092 2221 1171 2286 ὑπα-

115 2335 141 2374 εο
154 2319 315 2394 κούοντας
337 2332 407 2398 τοῖς
429 2326 556 2409 νόμοις,
580 2327 694 2410 ἐπειδη
718 2329 840 2405 αὐτούς
860 2330 956 2410 άγειν
975 2328 1038 2414 οὐχ
1057 2318 1167 2393 οἷοίτ’

153 2415 251 2503 ἦσαν,
273 2425 319 2497 είς
337 2428 487 2509 χρήματα
505 2428 673 2514 ἐζημίουν·
699 2434 790 2510 ὅσοις
808 2430 870 2516 μὲν
889 2434 995 2518 χωρία
1013 2434 1170 2517 ὑπῆρχεν,

154 2521 367 2602 ἐκκόπτοντες
389 2541 492 2596 ταῦτα
515 2534 571 2599 καὶ
594 2540 653 2615 τάς
676 2539 779 2616 αὑλάς
801 2545 1059 2624 καθαιροῦντες·
1085 2539 1224 2602 ὅσωνιῖῖῖ

154 2620 191 2684 δὲ
218 2633 399 2707 ῖτωθῖττὸς
427 2635 445 2698 ὑ
473 2639 546 2717 βίος
573 2638 616 2723 ἦν
640 2643 677 2708 ἐν
700 2644 887 2730 ἀλλοτρίοις
913 2647 1072 2729 κτήμασι,
1099 2642 1172 2708 τού-

151 2744 219 2785 των
242 2727 379 2805 ἄγοντές
401 2757 435 2797 τε
459 2737 525 2802 καὶ.
538 2742 698 2828 φέροντες
719 2752 760 2814 τδι
779 2750 1075 2835 παρεσκευασμένα
1092 2750 1172 2835 πρὸς

111 2841 137 2880 ²⁵
152 2825 213 2949 W'v
236 2824 394 2952 ἕθβασίαν
419 2839 514 2921 {ww
538 2866 573 2906 τε
597 2852 694 2929 βοῖκά
718 2854 773 2920 καὶ
797 2858 991 2941 βοσκήματα
1014 2853 1070 2922 καὶ
1092 2855 1171 2919 ὑπο-

153 2927 245 3006 ζυγια
268 2936 445 3019 (ἀχθοφόρα
467 2941 522 3006 naz
547 2954 650 3038 σκεύη
674 2973 825 3046 παντοῖα,
849 2953 900 3039 οἷς
922 2971 965 3046 γῆ
988 2959 1017 3025 τ’
1045 2959 1171 3046 ἐξεργά-

117 3030 236 3103 6g⁶w⁵
265 3031 319 3096 καὶ
350 3040 471 3120 καρποὶ
504 3063 768 3140 συγκομίζονται.
819 3067 837 3133 ὁ
871 3063 908 3131 δέ
939 3069 1082 3132 κωλύων
1114 3067 1171 3148 την

149 3138 363 3220 καταγραφὴν
396 3144 566 3234 δήμαρχος
599 3163 705 3233 οὐθὲν
736 3174 783 3237 ἔτι
810 3184 921 3238 ποιεῖν
949 3167 993 3256 ἧν
1023 3174 1169 3246 δυνατός.

221 3359 236 3404 6
256 3357 391 3428 ζωπυρεῖν
410 3365 433 3416 Β
509 3381 524 3429 7
544 3383 673 3456 Μαίνιος
692 3397 714 3451 Ο
