2508 3882
488 245 521 253 -
558 217 584 265 11
621 245 655 254 -
1013 213 1078 276 ατε

84 376 248 463 ἀναγκάσῃ·
272 385 316 466 τῷ
335 399 369 441 τε
387 376 548 461 κάμνοντι
567 375 666 453 αὐτὸς
683 377 887 461 παρεβοήθει
906 373 998 460 μέρει
1016 373 1079 460 ἀεί,

36 481 148 560 ποντίοις
174 481 287 562 ἐξέωσε
317 492 376 568 τῆς
403 482 548 560 στάσεως
574 480 630 548 καὶ
656 481 802 568 θάτερον
824 479 931 568 κέρας.
975 486 1078 560 ψιλω-

80 588 194 656 θέντων
216 587 254 656 δὲ
276 599 344 656 τῶν
367 591 479 675 άκρωυ
502 585 582 655 οὐδὲ
600 590 640 653 τὰ
658 587 741 674 μέσα
763 587 950 674 παρέμεινε.
986 588 1113 672 φυγὴ6

82 697 113 780 δὴ
133 707 195 762 τῶν
207 695 371 783 Ἑρνίκων
389 698 426 762 τὸ
446 697 526 781 μετὰ
545 691 634 762 τοῦτ’
657 694 783 779 έγίνετο
803 692 856 761 έπλ
874 695 934 759 τὸν
951 694 1078 780 χάρακα

80 799 284 887 τεταραγμένη
312 825 347 868 τε
374 800 429 867 καὶ
457 803 617 886 ἀκοσμος,
646 799 701 866 καὶ
728 801 765 867 οί
784 797 938 885 Ῥωμαίοι
965 798 1078 878 αὐτοῖς
1104 821 1117 862 ε

80 911 244 986 κτείνοντες
276 908 500 992 ἠκολούθουν.
555 909 698 992 τοσαύτη
735 904 768 972 δ’
805 909 869 993 άρα
904 908 1078 992 προθυμία

80 1015 150 1100 παρά
174 1017 234 1080 τὸν
263 1012 332 1081 τότ’
366 1014 479 1099 ἀγῶνα
502 1022 542 1099 τῇ
560 1011 729 1098 Ῥωμαίων
753 1022 889 1100 στρατιᾷ
911 1009 1077 1096 ἐνέπεσεν,

81 1119 146 1185 ὥστε
173 1119 228 1186 καὶ
252 1130 315 1187 τοῦ
337 1121 481 1208 χάρακος
503 1131 571 1186 τῶν
593 1122 761 1204 πολεμίων
783 1121 966 1205 πειρᾶσθαί
986 1141 1078 1194 τινας

81 1225 244 1310 ἐπιβαίνειν
259 1228 310 1314 ,ὡς
325 1226 357 1307 έξ
373 1226 498 1312 ἐφόδου
513 1223 786 1314 χειρωσομένους·
808 1221 855 1291 ὧν
870 1225 932 1292 οὐκ
945 1224 1077 1310 ἀσφαλῆ

79 1333 126 1415 τὴν
153 1338 349 1420 προθυμίαν
381 1331 454 1400 οὐδ’
491 1332 527 1399 έν
559 1342 604 1422 τῷ
638 1330 842 1418 συμφέροντι
874 1329 1077 1417 γιγνομένην
1093 1353 1117 1392 ιο

80 1438 150 1522 ὁρῶν
176 1441 193 1507 ὁ
220 1441 365 1526 ὕπατος,
397 1444 572 1526 σημαίνειν
603 1440 762 1516 κελεύσας
788 1441 825 1504 τὸ
858 1436 1077 1520 ἀνακλητικὸν

79 1549 254 1630 κατεβίβασε
283 1550 362 1625 τοὺς
394 1547 495 1631 ὁμόσε
525 1554 717 1632 χωροῦντας
743 1545 885 1621 ἄκοντας
915 1541 979 1608 ἀπὸ
1010 1553 1077 1608 τῶν

80 1649 249 1738 ἐρυμάτων,
279 1655 407 1736 δείσας,
433 1653 478 1737 μὴ
507 1651 540 1730 ἐξ
563 1648 768 1737 ὑπερδεξιῶν
790 1651 1077 1734 βαλλόμενοι··σὺυ
1153 1665 1163 1704 ·ῑ

23 1779 24 1820 ἕ
79 1759 198 1846 αίσίύλίίλ
231 1783 267 1826 τε
301 1757 357 1825 καὶ
385 1759 467 1842 μετὰ
495 1757 639 1842 μεγάλης
665 1755 1077 1842 βλάβηςθάναγκασθῶσιν
1178 1781 1183 1790 ·

22 1834 24 1966 ι
78 1863 258 1954 ἀποχωρεῖν,
288 1867 399 1931 ἔπειτα
421 1861 477 1929 καλ
500 1863 561 1946 τὴν
585 1861 621 1928 ἐκ
643 1873 701 1948 τῆς
723 1862 885 1950 προτέρας
906 1866 1000 1945 νίκης
1022 1863 1076 1927 εό-
1092 1882 1116 1924 ιε

22 1979 24 2042 λ
77 1973 171 2036 κλεινν
189 1971 391 2058 ἀφανίσωσι.
428 1973 501 2036 τότε
520 1965 582 2054 μὲν
601 1964 664 2036 οὖν
681 1970 745 2054 ἤδη
766 1968 848 2052 [καὶ]
867 1971 930 2054 γάρ
945 1963 988 2052 ἦν
1001 1967 1077 2055 περὶ

22 2045 24 2114 δ
78 2075 159 2144 δόσιν
175 2078 291 2162 ἡλίου·
313 2075 487 2164 χαίροντές
506 2098 540 2141 τε
559 2074 614 2142 καὶ
631 2078 859 2154 παιανίζοντες
877 2075 913 2139 οί
923 2073 1076 2159 Ῥωμαῖοι

76 2184 434 2270 κατεστρατοπέδευσαν.

35 2297 74 2350 1663
126 2289 243 2357 LXVI.
296 2294 342 2376 Τῇ
373 2288 404 2356 δ’
437 2289 575 2373 ἐπιούσῃ
606 2285 702 2353 νυκτὶ
732 2290 842 2371 ψόφος
873 2282 900 2350 τ’
937 2287 1075 2369 ἠκούετο

74 2398 161 2473 πολὺς
179 2396 216 2464 έκ
235 2406 298 2464 τοῦ
316 2397 461 2483 χάρακος
478 2407 545 2461 τῶν
554 2392 716 2481 Ἑρνίκων
729 2391 784 2459 καὶ
802 2395 878 2478 βοή,
895 2390 951 2457 καὶ
969 2394 1076 2459 πολλὰ
1090 2415 1116 2455 ευ

74 2496 211 2582 ἐφαίνετο
247 2499 328 2568 σέλα
364 2501 556 2587 λαμπάδων.
610 2498 811 2583 ἀπογνόντες
843 2499 906 2584 γὰρ
939 2501 987 2563 ἔτι
1018 2497 1076 2564 ἀν-

73 2604 166 2685 θεἙειν
201 2606 300 2696 ἑτέρᾳ
334 2607 420 2694 μάχγγ
453 2611 645 2673 καταλιπεῖν
676 2607 735 2670 τὸν
766 2603 893 2690 χάρακα
926 2607 1076 2688 ἔγνωσαν

72 2713 326 2781 αὐτοκέλευστοι·
349 2712 461 2779 καὶτὸ
482 2721 626 2797 ποιῆσαν
648 2709 759 2776 αὐτῶν
781 2711 844 2794 τὴν
867 2709 1002 2789 ἀταξίαν
1021 2709 1077 2777 καὶ

72 2820 141 2904 βοὴν
167 2817 261 2889 τοῦτ’
289 2815 341 2906 ἦν.
388 2821 432 2898 ὡς
458 2820 522 2904 γὰρ
551 2818 681 2884 ἕκαστον
711 2817 885 2902 δυνάμεως
907 2812 998 2904 είχον
1021 2815 1077 2884 καλ

71 2926 187 3014 τάχους,
215 2929 362 3014 ἔφευγον
386 2924 582 3009 ἐπιβοῶντές
604 2921 631 2988 τ’
660 2922 825 3007 ἀλλήλους
853 2922 908 2990 καλ
936 2923 1075 3007 έπιβοώ-
1090 2946 1115 2987 ετ

72 3053 166 3120 μενοι,
193 3044 265 3100 τῶν
288 3031 320 3099 δ’
346 3030 618 3118 ὑπολειπομένων
641 3032 697 3095 διά
718 3029 889 3115 τραύματα
912 3029 933 3115 ἢ
956 3033 1077 3109 νόσους

132 3262 213 3318 Ιάελ
232 3259 359 3324 τέωςΒε.
377 3260 427 3315 ἀεί
443 3257 493 3322 ἕως
511 3259 536 3311 R
591 3256 746 3330 2μέροςο
765 3257 885 3328 κέραςθ
906 3257 989 3326 lburg
1043 3265 1074 3312 11

74 3327 335 3407 ἆα<ακλη>τικδνΒ
429 3336 461 3385 13
480 3331 531 3384 σὺν
550 3329 646 3384 om.B
735 3337 766 3385 16
785 3328 847 3384 τότε
866 3277 917 3399 μέν
936 3325 999 3382 υάν·
1020 3327 1075 3398 ἤδη
1228 3371 1229 3380 .

74 3399 116 3471 γὰρ
133 3421 155 3459 ο.
168 3404 274 3458 Reinke
293 3403 355 3458 τότε
369 3402 421 3473 μὲν
440 3398 490 3456 οάν
509 3400 564 3469 ἤδη
579 3400 695 3470 καὶγὰρ
710 3401 733 3455 0
790 3407 821 3455 17
836 3398 1077 3472 π<αι>οινίζοντες
1228 3397 1229 3458 λ

75 3468 93 3521 Β
124 3473 125 3477 ’
155 3482 190 3530 24
210 3485 291 3531 τοῦτο
311 3469 347 3544 ἦν
366 3491 420 3528 om.
440 3470 599 3543 ΒεΙελχον
618 3489 671 3527 om.
690 3471 737 3525 Βν.
809 3477 844 3525 25
863 3469 888 3525 τ’
911 3470 1007 3524 om.B
