2496 3878
163 229 206 292 ιε
318 200 326 226 “
447 231 750 279 ·--ι-

164 389 324 477 ἑκάτεροι·
362 387 435 456 ἀλλ’
467 391 502 456 οἱ
526 387 587 475 μὲν
617 393 737 474 άποροι
765 389 942 468 δοκοῦντές
968 413 1000 454 τι
1026 390 1180 475 περιττὸν
1235 367 1236 374 ¹

164 495 374 583 ἐξευρηκέναι
410 500 469 563 τὸν
500 501 653 583 Βροῦτον
685 496 739 561 καὶ
776 496 837 563 οὐκ
869 497 940 580 είκῆ
973 494 1237 580 ὑποσχέσθαιεεσ

163 613 297 687 πρᾶγμα
324 609 535 687 τηλικοῦτον,
567 603 603 669 οί
633 599 670 667 δέ
700 606 867 688 πατρίκιοι
898 611 1182 688 περιφρονοῦντες

163 711 225 792 τῆν
243 714 431 794 κουφότητα
449 720 509 776 τοῦ
528 709 712 795 άνθράπου
731 708 787 775 καὶ
804 721 872 774 τῶν
888 708 1100 794 ὑποσχέσεων
1118 711 1181 792 τῆν
1237 709 1238 724 ἢ

137 819 290 900 ετόλμαν
313 815 374 894 ἕως
398 820 500 899 λόγου
523 819 687 902 χωρήσειν
710 818 871 899 οἰόμενοι·
892 811 1005 899 μηθέν
1028 816 1091 900 γάρ
1114 815 1182 880 ὑπὸ

163 933 221 1006 τῆς
253 925 377 1006 βουλῆς
408 928 684 1008 συγκεχωρῆσθαι
716 934 785 1000 τοῖς
817 921 997 1007 δημάρχοις
1029 921 1089 999 ἐξω
1119 930 1183 986 τοῦ
1239 966 1240 1026 χ

163 1033 306 1113 βοηθεῖν
337 1040 407 1105 τοῖς
438 1027 670 1112 ἀδικουμένοις
701 1039 769 1093 τῶν
796 1028 993 1111 δημοτικῶν.
1044 1027 1085 1092 οὐ
1113 1028 1183 1110 μὴν
1239 1035 1240 1038 ’

164 1135 269 1198 ἅπασί
280 1131 311 1217 γ’
329 1131 432 1219 εἰσῄει
446 1132 501 1199 καὶ
520 1135 660 1218 μάλιστα
679 1146 749 1212 τοῖς
766 1132 1002 1219 πρεσβυτέροις
1021 1133 1183 1218 ὀλιγωρία
1240 1158 1241 1182 1

163 1250 225 1305 τοῦ
242 1240 443 1325 πράγματος,
462 1240 545 1306 ἀλλά
560 1239 747 1326 προσέχειν,
766 1243 810 1325 μῆ
829 1264 861 1305 τι
880 1239 1062 1324 άνῆκεστον
1080 1237 1100 1322 ῆ
1119 1249 1184 1304 τοῦ

124 1333 288 1445 1ξάνδρὸς
311 1345 522 1435 Ιἐξεργάσηται
545 1350 655 1430 μανία.
693 1355 731 1432 τῆ
751 1343 781 1411 δ’
805 1344 878 1429 ἑξῆς
900 1345 996 1431 νυκτὶ
1019 1345 1186 1413 κοινωσά-
1241 1352 1242 1364 ’

164 1476 264 1536 μενος
290 1464 359 1530 τοῖς
387 1454 567 1538 δημάρχοις
590 1453 612 1518 ὁ·
630 1456 780 1537 Βροῦτος
806 1453 868 1535 τῆν
897 1449 1017 1516 ἑαυτοῦ
1044 1453 1185 1535 γνώμην

91 1605 108 1631 -,
165 1557 220 1624 καὶ
238 1560 572 1645 παρασκευασάμενος
590 1570 684 1645 χεῖρα
703 1559 764 1625 οὐκ
784 1559 901 1642 ὀλίγην
917 1561 1071 1643 δημοτῶν
1088 1555 1186 1621 κατέ-

165 1669 261 1749 βαινε
289 1663 358 1749 μετ’
389 1665 499 1731 αὐτῶν
527 1667 574 1743 είς
600 1668 662 1749 τῆν
690 1664 829 1751 ἀγοράν·
861 1662 916 1729 καὶ
948 1662 1027 1749 πρὶν
1053 1661 1186 1747 ἡμέραν

165 1769 319 1856 λαμπράν
338 1770 496 1854 γενέσθαι
515 1775 776 1866 καταλαβόμενοι
794 1774 832 1837 τὸ
851 1769 1076 1855 Ἡφαιστεῖον,
1095 1771 1186 1834 ἔνθα

125 1898 152 1939 15
165 1873 209 1960 ῆν
232 1879 311 1953 ἔθος
338 1876 451 1953 αὐτοῖς
474 1876 714 1962 ἐκκλησιάζειν,
743 1876 884 1943 ἐκάλουν
909 1873 970 1962 μὲν
993 1877 1040 1952 είς
1067 1874 1187 1959 ἐκκλη-

166 1987 243 2048 σιάν
270 1985 329 2048 τὸν
357 1984 473 2067 δῆμον.
514 1987 746 2069 πληρωθείσης
775 1979 813 2048 δέ
840 1993 897 2068 τῆς
920 1983 1054 2066 άγορᾶς·
1083 1983 1187 2067 ὄχλος

165 2091 229 2175 γάρ
253 2089 330 2166 ὅσος
348 2089 441 2154 οὔπω
463 2093 627 2175 πρότερον
646 2085 808 2173 συνῆλθε·
833 2090 1012 2170 παρελθὼν
1030 2091 1187 2164 Σικίνιος

166 2195 184 2260 ὁ
209 2196 377 2281 δήμαρχος
398 2198 507 2260 πολὺν
531 2191 592 2279 μὲν
615 2194 790 2278 ἐποιήσατο
809 2198 890 2261 κατὰ
913 2207 981 2261 τῶν
999 2199 1186 2280 πατρικίων

165 2305 284 2385 λόγον,
311 2298 435 2366 ἅπανθ’
459 2300 727 2385 ’ὑπομιμνήσκων
754 2302 816 2367 ὅσα
843 2303 924 2382 κατὰ
952 2313 1019 2366 τῶν
1047 2303 1186 2384 δημοτι-

125 2428 152 2468 εο
166 2419 234 2473 κῶν
262 2407 377 2484 αὐτοῖς
406 2405 569 2492 ἐπράχθη·
602 2403 707 2471 ἔπειθ’
742 2403 827 2493 ὑπὲρ
860 2417 916 2490 τῆς
946 2408 1245 2493 παρελθούσης13ε

164 2512 288 2598 ἡμέρας
301 2513 487 2597 ἐδίδασκεν,
505 2513 550 2590 ὡς
568 2511 797 2597 κεκωλυμένος
809 2510 865 2578 ὑπ’
883 2513 994 2578 αὐτῶν
1008 2520 1057 2597 είη
1077 2516 1187 2596 λόγου

130 2624 151 2688 3
166 2632 278 2704 τυχεῖν
300 2618 355 2683 καὶ
378 2621 438 2702 τὴν
458 2618 612 2697 ἐξουσίαν
629 2629 687 2702 τῆς
705 2619 806 2705 άρχῆς
824 2618 1043 2705 ἀφῃρημένος.
1081 2623 1187 2696 Τίνος

238 2779 254 2826 5
274 2771 325 2834 ἕως
343 2772 432 2853 λόγων
451 2791 473 2827 ο.
490 2774 661 2843 Grasberger
678 2774 843 2842 Philologus
858 2781 892 2829 28
904 2778 998 2900 8869)
1011 2795 1039 2845 p.
1054 2782 1105 2830 347
1166 2783 1186 2830 8

166 2845 310 2914 ὀλιγωρεῖν
329 2860 352 2898 c.
368 2843 440 2896 Sunt
453 2843 518 2900 Obs.
533 2863 560 2913 p.
576 2852 609 2899 33
665 2851 680 2898 9
699 2851 847 2914 προςεῖχον
866 2863 888 2900 ο.
926 2847 993 2900 obet
1008 2849 1072 2902 Obs.
1087 2866 1114 2916 p.
1128 2852 1185 2901 139

164 2913 310 2987 προςέχειν
330 2912 408 2980 ἔδοξε
434 2931 457 2969 ο.
478 2914 600 2969 Schenkl
617 2914 750 2970 Bursiani
776 2914 910 2970 librorum
939 2917 1031 2970 annal.
1059 2916 1187 2974 breviar.

164 3006 193 3056 p.
208 2991 261 3040 280
334 2991 368 3039 10
386 2985 486 3046 νυκτὸς
504 2986 529 3038 Α
603 2993 636 3039 14
654 2985 785 3054 λαμπράν
803 3003 857 3041 om.
872 2988 897 3040 A
912 2986 1140 3061 1Ἡφαίοτ<ι>ον
1157 2989 1185 3042 Β

167 3064 199 3146 15
219 3057 320 3148 αὐτοῖς,
333 3054 441 3118 ἐθοςΒ
533 3062 566 3111 17
585 3057 599 3086 *
614 3055 706 3128 ὅσοίίίς
731 3054 841 3111 οὐδέπω
866 3053 965 3116 ἐδόκει,
983 3063 1106 3184 σηνῆλθε
1124 3058 1185 3112 ΑΟ

166 3127 230 3190 όσος
248 3128 394 3182 οδπωποτε
414 3121 508 3181 ἐδόκει
527 3126 728 3201 ουνῆλθ<ε>Β
752 3127 816 3190 ὅσος
839 3130 1004 3183 οὐδεπώποτ
1051 3149 1095 3184 κει
1113 3147 1186 3183 σνν-

164 3202 255 3268 ῆλθεν
273 3198 375 3252 Βοίελτο
399 3197 462 3259 ὅσος
487 3199 650 3253 οὐπώποτε
669 3197 766 3253 εἰώθει
790 3198 913 3253 Sintenis
937 3200 996 3255 Em.
1015 3201 1097 3254 Dion.
1116 3201 1183 3255 121

165 3270 241 3324 idem
259 3270 359 3338 postea
377 3269 464 3322 11113
488 3268 551 3331 ὅσος
574 3270 720 3324 οὐπώποτε
744 3271 828 3324 δοκεῖ
846 3274 982 3339 συνῆλθε,
1006 3266 1100 3325 ἐδόκει
1123 3271 1185 3327 del.

165 3343 262 3394 censet
284 3339 392 3407 Kayser
408 3339 509 3393 Annal.
529 3341 598 3408 phil.
616 3346 684 3395 1868
706 3358 734 3409 p.
750 3347 801 3395 813
825 3339 888 3403 ὅσος
911 3342 1090 3396 οὐδεπώποτε
1113 3359 1187 3396 συν-

165 3413 256 3478 ῆλθεν
279 3409 368 3464 cobet
391 3411 456 3466 Obs.
481 3431 506 3480 p.
524 3416 573 3465 139
598 3410 660 3474 ὅσος
686 3412 763 3466 οὕτω
785 3414 923 3483 πρότερον
947 3417 1070 3482 συνῆλθε
1094 3429 1148 3481 ego
1178 3414 1183 3484 Ι

167 3481 308 3552 Σικίνιος]
324 3478 432 3544 Ἰκίλιος
451 3481 573 3552 Sylburg
