2496 3878
539 211 701 260 ..z-
1108 209 1128 272 η

103 370 219 431 πόνον.
271 365 434 434 ἀδύνατοι
467 366 500 433 δ’
532 371 624 446 ὄντες
655 371 890 436 κυκλώσασθαι
922 372 1000 447 τοὺς
1030 375 1128 436 πολε-

103 475 199 554 μίους
229 473 288 536 διὰ
312 478 556 559 στενοχωρίαν,
582 478 642 539 καί
660 499 691 540 τι
714 473 770 540 καὶ
791 483 853 541 τοῦ
875 477 1053 561 δαιμονίου
1075 500 1128 542 ιιι-
1180 547 1194 570 ν

102 590 244 661 ραυνοίς
265 577 323 644 καλ
345 580 447 646 ὕδασι
470 579 526 646 καὶ
547 585 704 666 βρονταῖς
725 581 1041 668 συναγωνισαμένου
1058 593 1128 660 τοῖς

92 682 251 766 Ἕλλησι,
275 685 446 763 δείσαντες
468 689 517 764 είς
539 687 651 772 φυγὴν
674 689 857 773 τρέπονται.
904 688 940 754 ἐν
962 689 1064 774 ταύτῃ
1086 690 1163 774 τῇδ

101 790 187 876 μάχη
207 793 335 868 πάντες
353 788 415 876 μὲν
435 793 470 858 οί
486 804 552 858 τῶν
567 795 729 877 Κυμαίων
749 795 858 870 ίππείς
871 799 1026 890 λαμπρῶς
1039 793 1125 878 ἠγω-
1152 817 1165 858 ι

99 899 260 981 νίσαντο,
293 897 349 962 καὶ
380 907 439 983 τῆς
470 901 564 983 νίκης
595 895 690 965 οὗτοι
722 899 863 984 μάλιστα
892 900 1125 984 ὡμολογοῦπο

101 1009 201 1068 αίτιοι
227 1002 402 1088 γενέσθαι,
425 1001 509 1091 ὑπὲρ
528 1007 675 1082 ἅπαντας
693 1003 731 1071 δὲ
749 1009 826 1085 τοὺς
844 1008 968 1083 ἄλλους
981 1003 1126 1092 Ἀριστό-

101 1109 207 1193 δημος
228 1111 247 1176 ὁ
266 1113 431 1188 Μαλακὸς
454 1110 725 1196 ἐπικαλούμενος·
747 1110 803 1177 καὶ
821 1113 884 1198 γὰρ
902 1114 962 1179 τὸν
979 1112 1125 1197 ἡγεμόνα

99 1225 164 1280 τῶν
188 1221 365 1301 πολεμίων
388 1213 487 1293 οὗτος
509 1215 679 1284 ἀπέκτεινε
701 1221 804 1303 μόνος
825 1219 971 1296 ὑποστὰς
993 1217 1048 1284 καὶ
1068 1220 1125 1284 ἅλ-

99 1326 178 1398 λους
201 1325 355 1398 πολλοὺς
376 1321 432 1388 καὶ
455 1322 614 1406 ἀγαθούς.
651 1323 813 1401 λυθέντος
835 1320 872 1389 δὲ
894 1335 955 1391 τοῦ
977 1323 1125 1409 πολέμου
1139 1347 1166 1386 ιο

98 1429 154 1504 τὰς
187 1431 431 1514 χαριστηρίους
461 1433 584 1505 θυσίας
613 1428 794 1507 ἀποδόντες
822 1431 858 1495 οί
882 1433 1029 1514 Κυμαῖοι
1055 1442 1126 1507 τοίς

46 1540 193 1610 ιοιοθεοῑς
217 1532 277 1600 καί
301 1535 408 1618 ταφὰς
430 1545 497 1600 τῶν
520 1534 763 1601 ἀποθανόντων
782 1537 892 1619 (ww)
917 1535 953 1601 ἐν
976 1545 1015 1621 τῇ
1038 1537 1124 1623 μάχη

97 1641 255 1725 λαμπρὰς
272 1641 493 1724 ποιησόμενοι
510 1638 587 1725 περὶ
605 1651 673 1706 τῶν
690 1638 877 1725 ἀριστείων,
900 1641 965 1730 δτιμ
984 1642 1046 1728 χρὴ
1063 1645 1123 1709 τὸν

95 1757 234 1832 πρῶτον
264 1745 453 1812 ἀποδοῦναι
480 1745 663 1832 στέφανον,
692 1749 740 1824 είς
766 1747 893 1831 πολλὴν
920 1745 1123 1832 κατέστησαν

96 1855 177 1936 ἔριν.
216 1845 272 1917 ὀί
300 1849 362 1936 μὲν
390 1853 456 1938 γὰρ
485 1851 634 1938 ἀκέραιοι
662 1850 772 1935 κριταί
801 1855 860 1918 τὸν
885 1820 1162 1939 Ἀριστόδημονῖξ

96 1958 285 2042 ἐβούλοντο
309 1967 455 2041 τιμῆσαι,
477 1957 533 2024 καλ
555 1952 598 2042 ἣν
622 1959 641 2025 ὁ
665 1960 768 2042 δῆμος
786 1960 870 2035 ἅπας
888 1957 957 2043 μετ’
980 1959 1121 2026 ἐκείνου·

94 2066 128 2128 οί
149 2061 191 2129 δὲ
211 2061 356 2129 δυνατοί
374 2065 433 2129 τὸν
453 2065 619 2151 ἱππάρχην
633 2062 882 2149 Ἱππομέδοντα,
903 2064 959 2131 καὶ
976 2066 997 2150 ἡ
1015 2069 1121 2153 βουλὴ

93 2180 184 2236 πᾶσα
213 2171 327 2257 τούτῳ
355 2171 620 2255 συνελάμβανεν·
651 2165 695 2253 ἦν
718 2168 749 2236 δ’
774 2169 1025 2257 ἀριστοκρατικὴ
1049 2176 1121 2238 τότε

93 2278 183 2363 παρὰ
202 2287 279 2352 τοῖς
294 2279 460 2360 Κυμαίοις
477 2277 498 2360 ἡ
517 2281 677 2360 πολιτεία,
695 2274 750 2342 καλ
769 2277 787 2343 ὁ
806 2279 910 2362 δημος
928 2278 969 2343 οὐ
987 2282 1120 2344 πολλῶν

92 2407 197 2448 τινων
227 2384 356 2468 κύριος.
404 2383 548 2459 στάσεως
577 2379 614 2447 δὲ
643 2383 698 2447 διδ
725 2385 848 2467 ταύτην
870 2385 932 2466 τὴν
954 2385 1026 2464 ἔριν
1049 2382 1119 2448 ἀνι·
1134 2406 1160 2446 ιο

93 2488 264 2574 σταμένης
288 2490 459 2566 δείσαντες
481 2490 518 2555 οί
537 2491 768 2573 πρεσβύτεροι,
790 2490 834 2573 μὴ
857 2491 940 2574 πρὸς
962 2489 1047 2555 ὅπλα
1065 2489 1119 2556 καὶ

92 2599 224 2678 φόνους
254 2597 391 2680 χωρήσῃ
414 2598 452 2661 τὸ
475 2598 670 2680 φιλότιμον,
698 2599 831 2661 ἔπεισαν
853 2594 1041 2683 ἀμφοτέρας
1063 2599 1120 2675 τὰς

92 2701 199 2780 τάξεις
225 2711 445 2787 συγχωρῆσαι
463 2703 521 2778 τας
540 2708 613 2778 ίσας
631 2705 746 2786 λαβεῖν
763 2702 860 2785 τιμάς
878 2700 1034 2789 ἑκάτερον
1051 2717 1119 2771 τῶν

91 2810 241 2894 ἀνδρῶν.
295 2808 360 2873 ἀπὸ
390 2808 510 2892 ταύτης
536 2812 663 2891 γίνεται
690 2816 748 2891 τῆς
774 2806 876 2893 ἀρχῆς
903 2810 1011 2893 δήμου
1038 2814 1155 2895 προ-5

92 2916 212 3000 στοίτης
238 2915 257 2980 ὁ
278 2915 468 2996 [Μαλακὸς]
485 2911 721 3000 Ἀριστόδημος
742 2912 797 2979 καὶ
821 2917 923 2998 λόγου
945 2921 1118 2984 πολιτικοῦ
1133 2935 1158 2977 25

92 3022 244 3106 δύναμιν
262 3021 412 3104 ἀσκήσας
430 3019 672 3104 ἐξεδημαγώγει
690 3022 728 3085 τὸ
743 3025 884 3104 πλῆθος,
901 3024 1122 3107 πολιτεύμασί

160 3247 439 3372 2στενοχωρ<χέαν
457 3247 504 3301 Bb
560 3247 648 3317 8γδιρ
667 3263 721 3301 om,
740 3247 763 3299 B
781 3247 938 3338 “dd-⁰¹¹¹&
956 3248 1028 3301 etR
1083 3255 1117 3303 10

91 3317 309 3381 καταλυθέντος
327 3337 350 3373 ο.
397 3317 475 3372 eiske
540 3324 572 3372 12
592 3320 607 3352 *
626 3325 681 3370 τῶν
700 3316 800 3370 addidi
865 3324 897 3370 16
916 3336 991 3378 απας
1009 3318 1116 3372 αδό.Β

91 3389 368 3532 ἓῖιθῐξηίχλοχιιδῶδολ
387 3388 544 3456 Kiessling,
566 3386 756 3458 Ἀριστόδημος
773 3386 827 3440 del.
848 3385 1020 3452 Grasberger
1037 3386 1115 3438 Τοεε.
