2508 3882
158 212 224 278 256
580 213 747 262 -Η-
1235 141 1236 212 ἀ

1235 213 1236 252 ι

158 397 252 456 τουν,
274 373 350 438 ούτε
373 374 411 438 τὸ
434 374 628 458 καρτερικὸν
650 370 705 438 καὶ
728 377 939 458 ταλαίπωρον
962 373 1000 438 ἐν
1021 386 1087 452 τοῖς
1106 378 1154 440 τό·

158 503 231 556 νοις
255 480 311 544 διὰ
329 482 463 544 πολλῶν
481 477 670 563 ἠσκημένον
687 478 830 562 ἀγώνων
847 478 1031 565 ἐπεκράτει·
1049 483 1086 546 τά
1102 482 1155 566 γὰρ

159 585 244 652 αὐτὰ
273 584 329 651 καὶ
357 584 433 670 περὶ
464 588 543 662 τοὺς
575 589 755 670 πολεμίως
782 580 842 670 ἦν,
875 585 909 665 ἐξ
943 583 986 654 οὑ
1014 587 1157 672 Μάρκιον
1236 593 1237 622 ³

159 691 305 776 ἡγεμόνα
328 689 496 776 Ῥωμαίων
526 691 567 758 οὑ
598 693 658 757 τὸν
689 689 917 776 ἀφανέστατον
947 694 1157 778 στρατηλάτην

133 800 271 886 ιίσχον·
291 796 363 864 ἀλλ’
383 797 536 884 ἀντεῖχον
556 795 702 882 ἑκάτεροι
719 808 777 883 τῆς
794 801 914 884 χώρας,
933 798 971 866 ἐν
989 793 1011 885 ᾗ
1029 802 1067 866 τό
1083 811 1159 886 πρῶ·

127 913 221 977 3τον
247 907 389 989 ἔστησαν
415 904 477 989 οὐχ
504 902 688 990 ὑφιέμενοι.
737 907 848 972 ἔπειτα
879 907 962 970 κατδ
994 909 1111 992 μικρὸν
1133 907 1161 972 οί
1237 941 1238 960 ι

163 1012 371 1078 Οὐολοῦσκοι
398 1011 594 1096 ὑπεχώρουν
624 1009 662 1074 ἐν
688 1013 801 1099 κόσμφ
827 1035 864 1076 τε
890 1009 947 1078 καὶ
968 1011 1060 1090 τάξει
1081 1014 1161 1098 δεχό-

162 1140 257 1201 μενοι
279 1119 357 1194 τοὺς
378 1114 567 1200 Ῥωμαίους.
611 1117 822 1202 στρατήγημα
851 1114 890 1182 δὲ
916 1113 1007 1184 τοῦτ’
1034 1115 1091 1203 ἦν,
1114 1120 1161 1184 ’ίυα

163 1223 372 1288 διασπάσωσί
391 1220 420 1288 τ’
443 1223 553 1290 αὐτῶν
570 1225 628 1300 τὰς
649 1223 754 1302 τάξεις
770 1221 826 1290 καὶ
849 1222 882 1302 ἐξ
906 1224 1103 1310 ὑπερδεξιοῦ
1118 1223 1162 1308 γε’·

124 1352 286 1396 ιονοενται
307 1333 441 1415 χωρίον.
1238 1343 1239 1346 ’

229 1434 390 1502 LXXXV.
434 1437 480 1502 Οί
499 1433 529 1501 δ’
549 1436 774 1520 ὑπολαβόντες
791 1436 914 1514 αὐτοὺς
934 1438 1051 1522 ἀρχειν
1069 1444 1165 1522 φυγῆς

163 1545 377 1630 ἠκολούθουν
402 1543 511 1627 βάδην
534 1537 596 1627 μὲν
617 1542 753 1610 ἀπιοῦσι
779 1541 836 1607 καί
857 1541 954 1610 αὐτοὶ
977 1546 1043 1608 σὺν
1064 1546 1223 1631 κόσμφιιιε

164 1648 332 1734 ἑπόμενοι,
354 1649 467 1733 ἐπειδὴ
492 1644 529 1714 δδ
552 1650 665 1737 δρόμῳ
688 1657 879 1735 χωροῦντας
898 1647 953 1716 ἐπὶ
970 1651 1033 1715 τὸν
1050 1650 1167 1735 χάρακα

164 1754 366 1839 ἐθεάσαντο,
399 1757 512 1842 ταχείᾳ
546 1753 602 1820 καὶ
632 1753 727 1822 αὐτοὶ
756 1757 867 1834 διώξει
895 1753 952 1820 καὶ
984 1754 1167 1843 ἀσυντάκτῳ

127 1883 152 1924 ιι
164 1862 339 1947 χρώμενοι.
389 1861 426 1927 οί
450 1857 488 1926 δὲ
515 1862 557 1944 δὴ
586 1865 773 1928 τελευταῖοί
801 1885 835 1926 τε
862 1858 917 1927 καὶ
945 1861 1169 1947 ὀπισθοφυλα-

165 1978 301 2046 κοῦντες
323 1971 416 2053 λόχοι
437 1969 577 2053 νεκρούς
599 1964 626 2032 τ’
654 1966 850 2052 ἐσκύλευον,
877 1967 922 2044 ὡς
943 1971 1171 2052 κεκρατηκότες

165 2076 229 2158 ἤδη
251 2085 319 2141 τῶν
341 2078 520 2159 πολεμίων,
543 2073 599 2139 καὶ
622 2071 672 2158 ἐφ’
698 2073 851 2159 ἁρπαγὴν
873 2081 932 2156 τῆς
953 2076 1065 2159 χώρας
1087 2073 1173 2159 ἐτρά-
1240 2119 1241 2168 χ

130 2189 278 2252 2ποντο.
323 2184 489 2267 μαθόντες
511 2178 541 2246 δ’
565 2181 600 2247 οί
617 2180 827 2245 Οὐολοῦσκοι
848 2177 940 2246 ταῦτ’
966 2181 1058 2246 οἵτε
1078 2179 1174 2258 δόξαν

165 2292 388 2376 παρασχόντες
410 2296 533 2373 φυγῆς,
564 2285 677 2370 ἐπειδὴ
700 2297 770 2363 τοῖς
792 2285 932 2371 ἐρύμασι
953 2296 1016 2352 τοῦ
1038 2287 1176 2372 χάρακος

127 2419 153 2460 ιο
167 2395 385 2480 ἐπλησίασαν,
411 2392 677 2480 ὑποστραφέντες
703 2395 860 2476 ἔστησαν,
886 2389 943 2458 καὶ
969 2393 1006 2458 οί
1030 2399 1176 2458 καταλει-

166 2500 309 2586 φθέντες
336 2500 372 2568 ἐν
398 2510 444 2589 τῷ
472 2499 682 2589 στρατοπέδω
708 2500 766 2576 τὰς
787 2500 894 2576 πύλας
917 2498 1178 2576 ἀναπετάσαντες

168 2607 348 2695 ἐξέδραμον
371 2607 493 2692 ἀθρόοι
515 2609 597 2673 κατὰ
618 2606 726 2672 πολλὰ
748 2603 845 2692 μέρη·
868 2609 998 2689 γίνεταί
1017 2603 1045 2671 τ’
1070 2606 1178 2672 αὐτῶν

167 2717 389 2798 παλίντροπος
411 2713 432 2796 ἡ
455 2713 555 2798 μάχη·
586 2712 622 2778 οί
646 2708 707 2796 μὲν
734 2712 797 2797 γάρ
825 2712 1002 2788 διώκοντες
1024 2714 1180 2796 ἔφευγον,

168 2818 204 2884 οί
228 2814 266 2882 δὲ
293 2818 473 2901 φεύγοντες
503 2817 654 2883 ἐδίωκον.
704 2820 789 2883 ἔνθα
820 2815 939 2884 πολλοὶ
969 2816 1025 2883 καὶ
1058 2817 1181 2902 ἀγαθοὶ

129 2952 154 2993 25
162 2924 331 3007 Ῥωμαίων
357 2926 566 3006 θνήσκουσιν
595 2915 649 2989 οία
671 2925 759 3001 είκὸς
782 2924 972 3008 ὠθούμενοι
994 2927 1078 2990 κατὰ
1099 2948 1181 3012 πρα-

168 3039 248 3107 νοῦς
279 3031 404 3114 χωρίου
440 3027 496 3094 καὶ
532 3030 598 3096 ὑπὸ
635 3035 769 3095 πολλῶν
801 3030 909 3114 ὀλίγοι
944 3029 1182 3110 κυκλωθέντες.

133 3137 296 3223 3ἀδελφδι
324 3131 361 3201 δὲ
388 3136 518 3212 τούτοις
544 3137 704 3220 ἔπασχον,
731 3135 804 3200 ὅσοι
831 3135 915 3220 πρὸς
941 3135 1048 3200 σκῦλά
1071 3136 1183 3204 τεκαὶ

240 3337 256 3386 6
275 3326 306 3385 οἱ
322 3329 386 3384 add.
404 3328 428 3383 Β
514 3334 530 3382 9
549 3325 697 3398 γίνωνται]
718 3321 902 3396 ἐπιγένωνται
920 3327 970 3379 πολ
988 3326 1183 3397 ἀγωνίσωνται

168 3420 191 3456 ο.
212 3402 333 3472 Sylburg
389 3407 422 3456 18
441 3396 471 3454 οί
487 3403 616 3454 ολοῦοκοι
634 3400 656 3452 Β
713 3405 747 3452 25
766 3397 999 3464 ἀποθνήσκουσιν
1017 3415 1041 3455 c.
1062 3399 1184 3456 Reudler

168 3473 258 3526 Tiroo.
273 3471 335 3528 crit.
349 3490 377 3541 p.
393 3477 425 3527 15
481 3476 514 3525 2⁷
529 3471 594 3540 περὶ
608 3474 695 3525 σκῦλα
710 3468 733 3523 0
753 3463 800 3522 ἐπὶ
813 3467 859 3524 vel
873 3468 943 3538 πρὸς
957 3473 1046 3525 σκῦλα
1061 3470 1183 3540 Sylburg

771 3811 831 3880 Q„
