2484 3876
485 223 651 274 -H-
1012 219 1076 286 145

19 363 21 408 ⁵
85 382 182 448 πολλοὶ
202 382 255 448 καλ
276 394 344 448 τῶν
363 383 474 449 ἀλλων
493 382 675 468 συμμάχων
692 383 805 469 κρύφα
823 384 1077 469 συνελάμβανον

85 499 139 566 τοῖς
159 489 379 567 Οὐολούσκοις
406 489 468 555 ούκ
490 488 555 555 ἀπὸ
578 489 800 574 ψηφισμάτων
824 487 897 556 οὐδ’
920 489 984 556 ἀπὸ
1007 513 1076 556 κοι-

83 603 132 659 νοῦ
152 595 310 679 δόγματος
333 592 591 674 ἀποστέλλοντες
613 596 726 674 αὐτοῖς
748 597 807 675 τὰς
827 601 1025 683 συμμαχίας,
1046 599 1079 662 εί

82 697 113 765 λε’
132 718 211 766 τισιν
237 695 282 786 ἢν
310 699 529 787 βουλομένοις
555 699 702 786 μετέχειν
728 711 787 786 της
813 706 985 789 στρατείας
1008 713 1078 769 τῶν

82 805 242 893 σφετέρων,
272 807 335 893 ούχ
363 807 452 884 ὅπως
479 806 732 894 ἀναμένοντες,
762 808 846 874 ἀλλὰ
872 806 928 875 καὶ
953 828 1103 895 παρορο

81 923 191 996 μῶντες.
241 912 391 997 ἐγεγόνει
420 910 449 978 τ’
479 912 563 998 <έν>
590 913 632 978 οὐ
657 918 770 1002 πολλῷ
796 917 907 1002 χρόνῳ
933 915 1114 998 τοσαύτη4

81 1020 200 1104 δύναμις
216 1017 295 1106 περὶ
313 1023 392 1097 τοὺς
407 1018 653 1104 Οὐολούσκους,
671 1021 755 1104 ὅσην
769 1021 810 1086 ού
823 1016 950 1086 πώποτ’
969 1021 1079 1104 ἔσχον,

81 1124 121 1189 ὅτε
146 1123 272 1210 μάλιστ’
303 1127 451 1211 ήκμαζον
479 1137 552 1205 ταίς
579 1128 730 1193 πόλεσιν·
759 1126 802 1210 ήν
829 1125 1033 1212 ἐπαγόμενος
1059 1127 1078 1194 ὁ

79 1231 212 1315 Μάρκιος
242 1231 402 1317 ἐνέβαλεν
431 1225 533 1310 αὖθις
559 1233 607 1310 είς
632 1234 694 1317 τήν
716 1229 885 1318 Ῥωμαίων
911 1241 991 1318 γῆν,
1022 1230 1079 1298 καὶ

81 1335 318 1423 ἐγκαθεζόμενος
340 1335 465 1425 ἡμέρας
487 1339 612 1424 συχνὰς
636 1337 737 1424 ε’ἀήου
760 1348 819 1423 της
840 1347 912 1424 γής,
935 1339 1018 1424 ὅσην
1042 1337 1079 1408 έν
1093 1361 1120 1401 ιο

79 1450 107 1525 τῇ
137 1446 298 1531 πρότερον
336 1446 471 1530 εἰσβολῇ
503 1443 671 1530 παρέλιπε.
720 1445 882 1530 σωμάτων
918 1441 979 1531 μὲν
1015 1440 1115 1514 οὖνὸ

80 1545 248 1636 ἐλευθέρων
272 1549 385 1616 οὐκέτι
407 1555 541 1618 πολλῶν
564 1549 724 1638 ἐγκρατής
746 1550 875 1634 ἐγένετο
898 1551 980 1616 κατὰ
1002 1552 1080 1616 ταύ-

79 1674 126 1736 την
144 1655 202 1740 τήν
226 1660 417 1742 στρατείαν·
441 1658 477 1723 οί
495 1657 559 1744 γὰρ
578 1659 755 1744 ἅνθρωποι
772 1659 813 1723 τὰ
830 1660 987 1724 πλείστου
1005 1655 1081 1736 ἄξια

81 1762 347 1846 συσκευασάμενοι
364 1765 565 1848 παλαίτερον
584 1764 632 1828 έτι
650 1763 945 1848 κατεπεφεύγεσαν,
968 1764 1004 1829 οί
1019 1761 1082 1850 μέν

80 1865 116 1940 εἰς
133 1866 190 1950 τήν
210 1871 331 1954 πόλιν,
359 1869 395 1935 os
415 1866 447 1934 β’
468 1871 516 1946 είς
538 1869 578 1934 τὰ
601 1873 742 1953 πλησίον
764 1869 926 1958 φρούρια,
953 1876 988 1936 εί
1005 1893 1081 1936 τινα
1096 1889 1124 1930 ιε

38 1963 113 2050 σαγήν
131 1970 329 2058 ἐχυρώτατα·
357 1975 399 2040 τὰ
422 1971 460 2040 δέ
482 1975 673 2059 βοσκήματα
696 1974 822 2059 αὐτῶν,
845 1975 907 2042 ὅσα
930 1977 991 2062 ούχ
1014 1969 1085 2044 οἷοί

81 2071 102 2138 τ’
123 2071 201 2161 ήσαν
224 2079 402 2164 ἀπελάσαι,
424 2077 480 2145 καί
499 2083 578 2156 τοὺς
595 2078 756 2164 νέμοντας
772 2081 983 2167 θεράποντας
1000 2087 1082 2168 λαμ-

81 2182 158 2262 βύνει
177 2190 239 2253 τόν
262 2209 299 2252 τε
322 2198 415 2252 σῖτον
434 2186 539 2272 <τὸν>
558 2184 612 2252 ε’πὶ
629 2196 702 2264 ταῖς
718 2188 844 2253 ἅλυσιν
862 2189 911 2253 ἔτι
929 2191 1082 2272 κείμενον

82 2285 220 2370 καὶτοὺς
249 2294 373 2370 ἀλλους
398 2293 561 2378 καρπούς,
587 2295 667 2370 τοὺς
691 2289 753 2377 μὲν
777 2292 814 2359 ἐν
835 2290 949 2379 χερσὶν
972 2294 1082 2376 ὄντας,

81 2396 142 2472 τοὺς
158 2393 193 2462 δὲ
211 2395 270 2464 καί
290 2397 613 2484 συγκεκομισμένους
630 2398 822 2487 ἀναιρεῖται.
851 2399 1082 2487 προνομεύσας
1096 2381 1123 2496 {30

83 2494 111 2562 δέ
136 2501 186 2568 καὶ
218 2506 455 2591 διαπορθήσας
481 2506 611 2570 ἅπαντα
638 2505 782 2582 οὐθενὸς
808 2504 909 2589 ὁμόσε
935 2515 1082 2592 χωρήσαι

82 2609 290 2692 τολμήσαντος
316 2609 443 2695 ἀπῆγεν
471 2608 520 2676 ἐπ’
550 2617 646 2678 οίκου
672 2611 734 2693 τήν
761 2611 919 2698 στρατιὰν
945 2615 1083 2698 βαρεῖαν

84 2705 170 2780 οὖσαν
197 2717 263 2801 ήδη
287 2715 342 2805 ζτῷ
369 2720 493 2801 πλήθει
519 2727 587 2783 τῶν
615 2717 786 2801 ὠφελειῶν
812 2714 868 2782 καὶ
895 2723 996 2804 σχολή
1024 2741 1084 2786 πο-

83 2819 258 2906 ρευομένην.

135 2926 241 2995 XVII.
276 2928 322 2992 οί
346 2925 384 2994 δὲ
408 2927 617 2996 Ούολούσκοι
643 2931 680 2996 τὸ
708 2929 851 3014 μέγεθος
874 2942 934 3017 τῆς
955 2937 1084 3020 κομιζο-
1098 2959 1126 2999 οε

141 3055 202 3104 6τε
222 3049 245 3104 Ο
268 3047 295 3104 τ’
314 3045 346 3104 έν
364 3049 494 3104 Hertlein
511 3049 629 3105 Hermes
647 3051 674 3105 X
692 3057 745 3107 417
817 3057 833 3107 8
857 3052 962 3124 ἤκμαζε
980 3053 1085 3117 ταῖςΑ

85 3122 133 3178 ταῖς
151 3119 264 3176 πόλεσιν
287 3120 433 3191 Kiessling
456 3121 487 3175 in
509 3121 699 3192 suspicionem
722 3125 859 3178 vocat-
878 3120 910 3179 ἐν
928 3131 986 3187 τοῖς
1003 3123 1087 3179 πολέ-

86 3203 134 3250 μοιο
149 3190 269 3246 fortasse
289 3191 470 3246 scribendum
489 3195 550 3248 εεεο
569 3210 591 3249 ο.
607 3191 755 3247 Reiske-
766 3193 939 3264 Grasberger
957 3194 1086 3248 defendit

85 3253 232 3332 Philologus
252 3268 286 3317 28
305 3267 399 3333 (1869)
417 3281 446 3333 p.
466 3269 517 3320 347
573 3271 606 3318 13
626 3263 758 3335 στρατιὰν
775 3266 801 3318 Α
857 3272 890 3319 14
908 3264 1086 3334 καταπεφεύ·

86 3334 195 3392 γεοανΒ
250 3339 284 3390 15
308 3335 340 3388 εί
351 3334 458 3388 τιναΒ
482 3333 565 3389 ἅτινα
583 3335 609 3388 R
682 3341 714 3390 18
737 3336 786 3390 τὸν
806 3335 870 3389 add.
889 3333 993 3389 Reiske
1013 3337 1018 3405 Ι
1039 3331 1085 3391 ἐπὶ

87 3395 150 3455 Οέν
171 3405 260 3459 Cobet
284 3404 350 3460 obs.
368 3424 396 3475 p.
418 3411 468 3461 158
541 3410 575 3460 25
598 3413 647 3475 τῆς
669 3403 851 3475 κομιζομένης
874 3405 949 3467 λείας
968 3405 1087 3475 ὁρῶντες

88 3482 129 3525 om.
145 3473 188 3528 Ba
206 3476 272 3530 add.
291 3474 369 3546 Bmg
966 3507 968 3512 ·

128 3571 220 3616 Βιοστε.
234 3575 299 3616 Ηετ.
313 3575 359 3617 ΙΠ.
379 3584 419 3615 ιο.
432 3575 534 3616 ύεοοεε.
893 3562 926 3610 10
