2484 3876
150 201 215 266 104
575 201 736 251 -Ζ-

149 386 215 447 μου
238 366 437 448 γενήσονται
458 362 638 447 προστάται
662 358 718 426 καὶ
740 362 785 446 μή
809 369 879 437 τοῖς
895 368 1034 446 τυχοῦσι
1052 361 1093 426 τά
1111 357 1169 444 μέ-

148 487 244 553 γιστα
266 471 337 552 είκή
361 467 623 553 ἐπιτραπήσεται.

215 573 332 639 LXVI.
357 572 406 638 ‘H
423 570 484 659 μὲν
503 574 545 658 δή
563 575 675 658 πρώτη
690 571 862 658 Ῥωμαίοις
880 572 1066 657 ἐμπεσοῦσα
1083 572 1168 655 μετὰ
1229 604 1230 628 ι

147 682 209 765 τήν
233 679 374 764 ἐκβολήν
396 689 464 744 τῶν
481 676 646 762 βασιλέων
665 679 778 756 στάσις
796 681 869 765 ἔσχε
888 679 1041 755 τοιαύτας
1058 680 1169 755 αἰτίας

121 784 205 852 ικαὶ
236 788 284 862 είς
314 795 413 852 τοῦτο
445 782 627 868 κατέσκηψε
656 787 694 850 τὸ
723 781 829 862 τέλος·
862 783 1008 868 ἐμήκυνα
1038 779 1075 848 δὲ
1105 786 1168 849 τὸν

148 888 232 978 ὑπὲρ
257 892 366 958 αὐτῶν
385 893 487 974 λόγον
505 901 565 958 τοῦ
584 892 629 974 μή
647 914 722 956 τινα
740 890 924 974 θαυμάσαι,
946 901 1014 968 πῶς
1031 887 1168 974 ύπέμει-
1230 938 1231 954 ι

147 1023 213 1065 ναν
231 999 267 1064 οί
279 1001 446 1083 πατρίκιοι
460 999 656 1081 τηλικαύτης
670 995 820 1075 ἐξουσίας
832 1005 969 1080 ποιῆσαι
982 997 1040 1062 τὸν
1055 997 1167 1080 δῆμον

147 1106 282 1190 κύριον,
309 1105 386 1169 οὔτε
415 1111 545 1188 σφαγῆς
566 1113 634 1169 τῶν
657 1102 802 1188 ἀρίστων
825 1102 960 1187 ἀνδρῶν
982 1100 1168 1186 γενομένης

148 1210 224 1276 οὔτε
255 1219 379 1294 φυγῆς,
409 1201 483 1275 οἷον
511 1207 548 1276 έν
575 1209 690 1286 άλλαις
716 1214 854 1286 πολλαῖς
881 1207 1009 1293 ἐγένετο
1036 1210 1167 1273 πόλεσι.
1231 1283 1232 1292 ¹

107 1339 133 1378 ιο
146 1322 251 1380 ποθεῖ
270 1316 333 1401 γάρ
357 1314 492 1392 ἕκαστος
515 1313 569 1382 έπλ
591 1326 659 1392 τοῖς
681 1314 881 1401 παραδόξοις
898 1314 1082 1399 ἀκούσμασι
1100 1315 1167 1398 τήν

147 1423 256 1487 αἰτίαν
283 1428 406 1506 μαθεῖν
433 1419 488 1486 καὶ
514 1424 552 1487 τὸ
578 1423 697 1488 πιστὸν
724 1420 762 1487 έν
788 1422 891 1506 ταύτη
916 1424 1043 1486 τίθεται
1066 1423 1167 1507 μόνη.

111 1526 131 1589 2
147 1527 341 1613 ἐλογιζόμην
365 1523 439 1611 οὖν,
462 1526 514 1593 ὅτι
537 1551 593 1611 μοι
614 1533 741 1594 πολλοῦ
759 1526 813 1592 καὶ
832 1536 892 1593 τοῦ
910 1528 1033 1603 παντὸς
1051 1528 1169 1609 δεήσει
1232 1605 1233 1608 ¹

145 1635 260 1711 πιστὸς
288 1629 374 1700 εἶναι
402 1634 420 1700 ὁ
450 1635 563 1716 λόγος,
596 1636 628 1698 εί
655 1643 815 1700 τοσοῦτον
846 1635 931 1718 ἔφην
957 1635 1079 1717 μόνον,
1111 1633 1168 1698 ὅτι
1232 1621 1233 1626 ¹

146 1748 298 1824 παρῆκαν
323 1740 358 1805 ολ
377 1742 544 1824 πατρίκιοι
566 1750 635 1816 τοῖς
658 1739 848 1824 δημοτικοῖς
869 1741 930 1823 τήν
953 1737 1080 1804 ἑαυτῶν
1104 1740 1233 1807 δυ-147ι

107 1869 132 1910 1⁵
145 1848 314 1928 ναστείαν,
331 1842 387 1910 καὶ
406 1844 482 1923 ἐξὸν
500 1845 612 1922 αὐτοῖς
628 1843 665 1910 έν
682 1843 913 1932 ἀριστοκρατίᾳ
925 1845 1168 1910 πολιτεύεσθαι

145 1953 204 2016 τὸν
232 1951 339 2035 δῆμον
367 1949 528 2036 ἐποίησαν
554 1962 620 2016 τῶν
649 1954 813 2035 μεγίστων
834 1951 968 2035 κύριον,
996 1947 1041 2015 δι’
1062 1950 1102 2028 ἃς
1125 1948 1168 2017 δέ
1233 1959 1234 1980 ³

146 2058 365 2141 συνεχωρήθη
388 2055 479 2122 ταῦτ’
501 2059 607 2140 αίτίας
626 2055 823 2143 παρέλιπον·
847 2057 903 2121 διὰ
921 2054 1010 2122 τοῦτ’
1029 2056 1169 2141 ἐπεξῆλ-

110 2163 213 2227 3θον
241 2161 376 2239 ἁπάσας.
420 2161 476 2228 καὶ
499 2162 613 2247 ἐπειδή
637 2161 697 2248 οὐχ
721 2162 836 2239 ὅπλοις
858 2161 1022 2245 ἀλλήλους
1044 2165 1169 2247 βιασά-

144 2292 240 2353 μενοι
272 2267 327 2334 καὶ
356 2269 704 2354 προσαναγκάσαντες,
736 2267 820 2333 ἀλλὰ
849 2271 962 2351 λύγοις
990 2273 1169 2348 πείσαντες

106 2401 132 2440 ιο
146 2377 376 2461 μεθήρμοσαν,
393 2377 517 2452 παντὸς
534 2371 663 2458 μάλιστ’
682 2373 863 2457 ἀναγκαῖον
880 2374 1055 2459 ήγησάμην
1073 2371 1169 2442 εἶναι

144 2483 222 2558 τοὺς
249 2484 370 2564 λόγους
397 2480 507 2548 αὐτῶν
534 2480 734 2563 διεξελθεῖν,
762 2471 812 2557 οἷς
833 2476 900 2546 τότ’
924 2482 960 2547 ολ
980 2482 1169 2547 δυναστεύ-

145 2602 261 2662 σαντες
284 2585 321 2652 έν
345 2584 510 2672 ἑκατέροις
532 2586 723 2673 ἐχρήσαντο.
768 2586 978 2670 θαυμάσαιμι
1002 2584 1033 2652 δ’
1054 2587 1110 2669 ἀν,
1131 2595 1173 2653 εί

143 2712 232 2766 τινες
260 2691 318 2767 τὰς
348 2690 385 2756 έν
414 2704 483 2768 τοῖς
511 2691 668 2776 πολέμοις
696 2691 829 2778 πράξεις
859 2690 1002 2777 ἀκριβῶς
1032 2699 1167 2758 οίονται

143 2795 217 2859 δεῖν
240 2793 458 2880 ἀναγράφειν,
479 2795 535 2862 καὶ
557 2795 636 2881 περί
655 2800 735 2880 μίαν
758 2801 849 2863 ἔστιν
871 2797 925 2863 ὅτε
949 2797 1058 2884 μάχην
1079 2805 1168 2865 πολ-

90 2883 129 2977 ξεε
143 2902 223 2977 λοὺς
250 2898 468 2967 ἀναλίσκουσι
495 2904 633 2986 λόγους,
660 2905 770 2967 τόπων
792 2927 826 2968 τε
849 2905 966 2989 φύσεις
988 2899 1043 2970 καὶ
1066 2905 1167 2971 ὁπλι-

143 3016 236 3090 σμῶν
269 3007 434 3091 ἰδιότητας
464 3005 520 3073 καλ
550 3007 675 3086 τάξεων
707 3010 850 3093 τρόπους
880 3008 936 3076 καὶ
966 3023 1166 3097 στρατηγῶν

90 3152 92 3203 3
143 3115 364 3199 παρακλήσεις
387 3112 442 3180 καὶ
465 3108 568 3181 τάλλα
592 3113 768 3194 διεξιόντες
791 3116 853 3181 ὅσα
874 3125 933 3202 τῆς
954 3119 1048 3202 νίκης
1070 3123 1168 3184 αἴτια

214 3311 229 3358 6
253 3307 339 3374 αὐτῆς
362 3322 385 3360 ο.
405 3305 527 3376 Sylburg
599 3313 631 3360 13
656 3306 671 3360 ὁ
695 3307 791 3362 om.B
814 3308 819 3374 Ι
844 3305 881 3378 εί]
907 3303 940 3362 ού
958 3307 1035 3361 ABb
1059 3309 1093 3363 ού
1113 3309 1168 3364 Ba

143 3380 177 3428 14
194 3376 412 3449 παρή<κ>ανΒ
473 3383 505 3431 1'1
524 3375 680 3447 παρέλιπον
698 3381 803 3447 μᾶλλον
821 3375 853 3431 δὲ
872 3377 921 3432 διὰ
939 3387 1022 3434 τοῦτο
1040 3381 1065 3432 Δ
1126 3387 1167 3436 20

142 3445 359 3514 μεθηρμόσαντο
378 3463 400 3502 ο.
419 3445 523 3500 Reiske
596 3455 629 3502 23
648 3447 698 3509 τὰς
716 3447 768 3517 μὲν
786 3446 875 3502 Cobet
893 3447 959 3505 obs.
977 3467 1005 3518 p.
1026 3455 1076 3504 151
