2496 3878
499 170 661 219 -Ζ-
1045 167 1086 232 19

77 325 304 414 Ἀριστόδημον
335 325 393 393 καὶ
426 331 502 406 τοὺς
528 328 648 406 παῖδας
678 329 782 394 αὐτοῦ
809 325 865 393 καὶ
891 330 953 413 τὴν
981 329 1086 414 ἀλλην

30 433 267 519 τεεεσυγγένειαν
286 437 509 519 συλλαβόντες
522 435 599 522 ἀχρι
612 439 737 519 πολλῆς
750 437 870 512 νυκτὸς
883 437 1088 520 αἰκιζόμενοί

76 564 105 605 τε
125 538 177 606 καὶ
202 543 442 626 στρεβλοῦντες
464 538 520 606 καὶ
537 549 639 606 πᾶσιν
658 540 703 617 ὡς
721 542 826 606 εἰπεῖν
846 543 1084 626 λυμαινόμενοι

75 659 178 724 κακοῖς
191 646 399 714 ἀπέκτειναν.
429 647 603 724 ἀνελόντες
621 643 659 712 δὲ
676 647 737 731 τὴν
751 649 955 734 τυραννικὴν
972 649 1115 733 οίκίαν4

75 757 262 839 πρόρριζον,
292 753 336 831 δνς
363 756 444 838 μήτε
470 755 586 818 παιδία
614 755 694 839 μήτε
717 763 876 836 γυναῖκας
898 755 979 837 μήτε
1003 770 1082 839 συγ-
1108 777 1120 816 ε

74 857 195 941 γένειαν
220 862 370 944 μηθενὸς
389 859 498 927 αὐτῶν
517 865 708 934 καταλιπεῖν
728 857 783 926 καὶ
802 856 847 924 δι’
868 859 946 944 ὅλης
964 861 1083 938 νυκτὸς

75 967 210 1042 ἅπαντας
238 965 534 1052 ἐξερευνησάμενοι
562 968 641 1043 τοὺς
667 967 851 1051 συνεργοὺς
878 975 936 1050 τῆς
962 988 1083 1050 τυραν-

74 1073 156 1149 νίδος
191 1071 320 1158 ἡμέρας
355 1069 534 1156 γενομένης
565 1075 740 1158 προῆλθον
773 1074 820 1149 είς
851 1072 914 1155 τὴν
945 1069 1081 1158 ἀγοράν.

75 1181 171 1244 ἔπειτα
195 1177 460 1262 συγκαλέσαντες
486 1179 545 1244 τὸν
568 1179 675 1262 δῆμον
699 1180 747 1256 είς
770 1177 946 1263 ἐκκλησίαν
969 1176 1081 1244 ἀποτί-

73 1290 177 1350 θενται
197 1286 239 1350 τὰ
258 1285 344 1350 ὅπλα
362 1282 418 1350 καὶ
435 1285 497 1368 τὴν
515 1284 655 1370 πάτριον
668 1287 886 1350 καθίστανται
900 1288 1079 1351 πολιτείαν.
1094 1307 1120 1346 ιο

128 1389 201 1456 XII.
232 1387 306 1454 Ἰθτλ
333 1399 453 1456 τοῦτον
481 1390 523 1473 δὴ
550 1392 610 1456 τὸν
629 1387 869 1476 Ἀριστόδημον
900 1393 972 1467 ἔτος
995 1390 1080 1474 ὁμοῦ

41 1553 43 1560 ,
74 1519 100 1559 τι
118 1494 474 1582 τεσσαρεσκαιδέκατον
496 1497 560 1582 ἤδη
579 1505 809 1582 τυραννοῦντα
828 1497 945 1580 Κύμης
964 1497 1000 1562 οί
1015 1498 1079 1561 σὺν

78 1606 241 1693 Ταρκυνίῳ
256 1603 403 1688 φυγάδες
416 1603 655 1687 καθιστάμενοι
669 1602 731 1685 τὴν
744 1603 826 1667 κατὰ
845 1610 904 1685 τῆς
921 1603 1079 1687 πατρίδος

74 1707 242 1792 ἐβούλοντο
272 1707 534 1774 συντελέσασθαι
562 1709 667 1792 δίκην.
706 1707 741 1774 οί
766 1704 803 1772 δὲ
830 1706 984 1794 πρέσβεις
1010 1720 1078 1774 τῶν

18 1829 19 1904 j
70 1811 225 1899 Ῥωμαίων
259 1813 340 1892 τέως
372 1811 433 1900 μὲν
466 1812 660 1898 ἀντέλεγον,
692 1815 737 1892 ὡς
769 1810 838 1879 οὔτ’
871 1813 924 1878 ἐπὶ
958 1825 1079 1881 τοῦτον
1093 1835 1119 1876 1⁵

19 1961 21 2010 ι
73 1921 195 2004 ἥκοντες
218 1925 278 1988 τὸν
301 1921 415 2006 ἀγῶνα
434 1919 503 1988 οὔτ’
526 1919 679 1999 ἐξουσίαν
701 1921 841 2006 ἔχοντες,
864 1919 907 2004 ἣν
926 1920 988 1987 οὐκ
1006 1919 1078 1986 ἐπέ-
1107 2004 1113 2016 Ι

72 2039 179 2113 τρέφεν
198 2029 315 2105 αὐτοῖς
332 2029 352 2112 ἡ
372 2029 477 2113 βουλὴ
496 2027 642 2114 περὶτῆς
659 2029 786 2104 πόλεως
803 2025 1079 2113 ἀπολογήσασθαι

75 2134 195 2219 [δίκην]
234 2135 279 2210 ὡς
301 2130 332 2198 δ’
355 2130 460 2199 ούθέν
484 2131 671 2220 ἐπέραινον,
694 2131 765 2198 ἀλλ’
790 2132 998 2216 ἐγκεκλικότα
1016 2129 1112 2200 τὸν2

73 2241 227 2326 τύραννον
256 2237 370 2326 ἑώρων
400 2238 454 2306 ἐπὶ
479 2241 604 2326 θάτερα
636 2238 719 2326 μέρη
753 2241 809 2304 διὰ
840 2241 898 2317 τάς
930 2241 1102 2318 σπουδάςΙ

74 2344 118 2409 καὶ
133 2349 190 2424 τδις
203 2351 425 2434 παρακλήσεις
443 2359 510 2413 τῶν
527 2347 701 2432 φυγάδων,
720 2345 933 2430 αἰτησάμενοι
948 2348 1117 2430 χρόνονεο

31 2453 113 2528 ιεεεείς
129 2452 323 2540 ἀπολογίαν,
341 2453 396 2519 καὶ
416 2456 670 2538 διεγγυήσαντες
688 2453 727 2517 τὰ
747 2454 880 2536 σώματα
898 2451 1075 2537 χρημάτων

75 2555 164 2646 ἐντῷ
188 2562 245 2625 διά
268 2558 371 2644 μέσου
399 2568 457 2642 τῆς
485 2560 578 2644 δίκης
605 2559 749 2635 οὐθενὸς
776 2561 824 2622 ἔτι
851 2557 1076 2642 φυλάττοντος
1178 2567 1184 2574 “

75 2663 181 2742 αὐτοὺς
205 2665 409 2752 ἀποδράντες
432 2664 566 2753 ᾤχοντο.
603 2665 812 2751 θεράποντας
835 2659 866 2728 δ’
888 2663 999 2730 αὐτῶν
1019 2662 1075 2730 καὶ
1138 2728 1141 2733 .

74 2771 105 2832 τὰ
129 2772 288 2856 ὑποζύγια
315 2771 370 2838 καὶ
398 2774 438 2837 τδι
468 2770 521 2836 ἐπὶ
548 2779 587 2857 τῇ
611 2773 748 2858 σιτωνίηι
770 2767 973 2854 κομισθέντα
995 2773 1074 2855 χρή-

76 2898 146 2955 ματα
168 2879 187 2944 ὁ
211 2879 375 2964 τύραννος
396 2876 540 2963 κατέσχε.
577 2878 711 2953 ταύταις
733 2873 794 2961 μέν
818 2870 880 2942 οὖν
902 2888 974 2952 ταῖς
995 2856 1112 2970 πρε-ξ)5

76 2983 186 3063 σβειάις
209 2995 344 3050 τοιαῦτα
361 2985 549 3061 παθούσαις
572 2983 750 3069 ἀπράκτοις
768 2979 971 3067 ἀναστρέψαι
993 2997 1073 3048 συν-

136 3214 167 3263 17
186 3210 460 3286 ἀπολογ<η>σασθαι
477 3211 524 3264 Bb
543 3211 747 3279 ἀπολογεῖσθαι
765 3209 791 3262 R
864 3213 897 3262 18
916 3209 999 3275 δίκην
1016 3206 1071 3262 del.

76 3274 165 3334 Reiske
254 3290 286 3338 19
308 3282 419 3351 θάτερα
443 3280 553 3352 με’ρηΒ
580 3281 691 3350 θάτερα
713 3277 835 3350 τὰμέρη
854 3279 880 3332 R
969 3284 1004 3331 20
1022 3278 1072 3332 καὶ

76 3345 312 3483 ἰῗεῦυηταρακλήσεις
329 3353 352 3408 Β
371 3353 421 3409 καὶ
437 3371 467 3409 π.
485 3353 511 3406 R
596 3358 630 3406 24
649 3352 777 3405 σιτωνίαν
795 3351 842 3404 Ba
927 3354 961 3414 26
980 3348 1073 3418 ἀπρά-

872 3507 907 3558 2*
