2496 3878
529 224 691 273 -Ζ-
1075 219 1117 284 21

93 404 207 464 μενος.
244 380 391 465 ἐδήλωσε
416 378 453 447 δέ
473 384 532 466 τὴν
550 379 740 469 ὑπερβολὴν
758 391 815 468 της
834 389 1007 470 συμφορᾶς
1025 381 1155 460 πόλις5

93 485 262 572 ἐπιφανὴς
294 497 363 558 τῶν
398 488 636 574 Οὐολούσκων,
672 485 848 576 Οὐέλιτραι
881 490 987 573 ὄνομα
1023 487 1120 574 αὐτῇ,

92 595 223 678 μεγάλη
242 617 280 658 τε
303 591 359 658 καί
381 593 649 680 πολυάνθρωπος
672 589 757 661 οὐσα
778 593 874 680 τέως,
900 590 939 678 ἧς
962 595 980 662 ὁ
1004 597 1119 678 λοιμὸς

12 702 176 784 11341μίαν
207 699 402 766 ὑπελείπετο
430 712 550 786 μοῖραν
580 700 616 766 ἐκ
647 712 714 767 τῶν
742 700 838 786 δέκα,
869 701 927 778 τὰς
955 699 985 766 δ’
1017 703 1119 778 ἄλλας

91 807 280 890 ὑπολαβὼν
299 805 473 890 ἀπήνεγκε.
509 812 726 886 τελευτῶντες
742 802 773 874 δ’
791 802 854 873 οὐν
868 807 942 873 ὅσοι
956 815 1116 892 περιῆσαν
1146 829 1159 870 ε

92 911 129 976 ἐκ
158 921 221 996 τῆς
254 922 429 998 συμφορᾶς
460 914 744 999 πρεσβευσάμενοι
767 910 939 999 Ῥωμαίοις
971 915 1119 999 ἔφρασαν

92 1021 154 1102 την
180 1019 327 1104 ἐρημίαν
349 1017 405 1084 καί
427 1018 617 1106 παρέδοσαν
638 1022 699 1105 τὴν
717 1024 826 1089 πόλιν.
864 1023 982 1106 ἔτυχον
1005 1015 1042 1084 δὲ
1064 1016 1120 1084 καὶ

91 1129 265 1212 πρότερον
294 1123 447 1202 ἐποίκους
479 1125 515 1191 έκ
544 1135 601 1210 τῆς
623 1123 749 1211 Ῥώμης
776 1127 963 1212 εἰληφότες,
991 1121 1049 1211 ἀφ’
1081 1119 1120 1210 ἧς

92 1233 206 1308 αἰτίας
228 1229 285 1296 καὶ
308 1233 346 1296 τὸ
370 1231 527 1317 δεύτερον
552 1235 656 1314 [τοὺς]
680 1233 887 1318 κληρούχους
908 1229 985 1318 παρ’
1008 1231 1119 1298 αὐτῶν

90 1336 213 1422 ᾔτουν.
605 1397 611 1410 ,
708 1421 712 1430 ⁵
1133 1359 1159 1398 ιο

159 1443 263 1508 ΧΙΠ.
300 1446 409 1510 Ταῦτα
432 1455 501 1521 τοῖς
518 1440 690 1528 Ῥωμαίοις
708 1451 856 1529 μαθοῦσι
876 1453 934 1528 τῆς
952 1441 1013 1529 μέν
1037 1461 1119 1528 συμ-

93 1559 208 1636 φορᾶς
227 1543 337 1626 οἶκτος
355 1547 472 1636 εἰσῄει,
489 1548 545 1614 καί
564 1545 667 1615 οὐδὲν
683 1548 789 1639 ᾤοντο
809 1552 882 1616 δεῖν
900 1561 970 1628 τοῖς
984 1548 1119 1636 ἐχθροῖς

12 1679 13 1750 3
92 1655 146 1721 ἐπὶ
172 1657 346 1732 τοιαύταις
367 1657 481 1741 τύχαις
499 1667 726 1741 μνησικακεῖν,
750 1657 794 1734 ἰος
817 1657 932 1734 ἰκανάς
956 1657 1118 1722 δεδωκόσι

12 1751 14 1822 ἰ
91 1775 163 1840 τοῖς
189 1769 288 1840 θεοῖς
309 1758 392 1848 ὑπὲρ
413 1773 508 1847 σφῶν
527 1764 621 1838 δίκας
640 1759 717 1826 ἀνθ’
742 1755 790 1827 ὧν
809 1763 947 1846 ἔμελλον
967 1763 1118 1849 δράσειν·

94 1871 284 1954 Οὐελίτρας
317 1866 354 1934 δέ
369 1869 657 1955 ’παραλαμβάνειν
690 1867 798 1934 ἐδόκει
830 1869 1024 1955 κληρούχων
1045 1869 1119 1936 ,οὐκ
1133 1889 1159 1930 ιε

91 1977 225 2059 ὀλίγων
250 1974 415 2060 ἀποστολῇ
438 1976 545 2041 πολλὰ
567 1976 608 2040 τὰ
632 1972 844 2062 συμφέροντα
868 1972 903 2040 ἐκ
931 1984 992 2040 τοῦ
1013 1976 1119 2061 πράγ-

91 2105 202 2166 ματος
226 2079 513 2165 ἐπιλογιζομένοις.
550 2084 588 2146 τό
612 2104 646 2146 τε
666 2080 729 2166 γάρ
748 2084 870 2168 χωρίον
894 2081 1010 2146 ἰκανὸν
1033 2075 1155 2150 εἰναι2

12 2211 13 2252 1
92 2187 256 2273 ἐφαίνετο
279 2191 410 2272 φυλακῇ
427 2185 584 2276 ἀξιόχρεω
603 2183 818 2272 καταληφθὲν
838 2178 888 2264 οἷς
906 2185 948 2252 ἀν
966 2190 1140 2272 νεωτερίν

94 2297 163 2372 ζειν
191 2292 212 2376 ἣ
236 2303 431 2379 παρακινεῖν
452 2317 485 2357 τι
506 2290 726 2377 βουλομένοις
754 2285 775 2380 ᾗ
799 2291 882 2377 μέγα
904 2294 1041 2374 κώλυμα
1062 2289 1118 2356 καὶ

36 2399 264 2484 1342ἐμπόδιον
291 2395 390 2463 εἰναι·
418 2399 438 2482 ἥ
461 2395 491 2462 τ’
518 2397 639 2484 ἀπορία
666 2407 724 2482 τῆς
746 2407 871 2483 τροφῆς
893 2398 913 2481 η
936 2394 1117 2482 κατέχουσα
1132 2421 1158 2460 εο

92 2508 157 2590 την
198 2507 298 2570 πόλιν
335 2504 376 2569 οὐ
412 2501 490 2589 παρ’
526 2505 642 2590 ὀλίγον
679 2503 879 2590 μετριωτέρα
916 2506 1119 2587 γενησεσθαι

94 2612 329 2696 ὑπωπτεύετο,
356 2613 388 2675 εἰ
409 2615 584 2695 μετασταίη
609 2635 658 2688 τις
686 2610 718 2688 ἐξ
743 2609 844 2695 αὐτῆς
867 2609 931 2676 ἀπὸ
954 2619 1015 2676 τοῦ
1037 2613 1119 2694 πλη-

94 2725 186 2795 θους
209 2727 310 2802 μοῖρα
333 2715 514 2801 ἀξιόλογος.
551 2717 692 2801 μάλιστα
716 2714 746 2782 δ’
769 2717 790 2800 η
815 2717 927 2795 στάσις
946 2716 1118 2804 ἀναρριπι-

98 2822 237 2910 ζομένη,
263 2820 345 2908 πρὶν
372 2821 393 2906 ἢ
420 2824 611 2888 πεπαῦσθαι
644 2828 752 2900 καλῶς
779 2825 828 2887 ἔτι
854 2825 916 2908 την
942 2822 1118 2909 προτέραν,

98 2930 220 3014 ἐνῆγεν
245 2928 366 3004 αὐτοὺς
387 2932 590 3012 ψηφίζεσθαι
611 2911 671 2994 τὸν
695 2928 888 2996 ἀπόστολον.
918 2930 1019 2995 πάλιν
1041 2909 1158 3023 γάρ,,3,

100 3037 211 3121 ὥσπερ
236 3033 489 3121 καὶπρότερον,
512 3035 530 3100 ὁ
554 3037 659 3120 δῆμος
681 3035 851 3136 ἠρεθίζετο
869 3034 926 3101 καὶ
945 3034 988 3101 δι’
1015 3036 1117 3122 ὀργῆς

173 3199 189 3244 2
212 3187 340 3258 Οὐέντρα
357 3189 383 3242 A
413 3188 594 3264 Οὐέντρ<αι>
616 3191 664 3245 Bb
693 3207 776 3262 saepe
868 3190 1044 3260 ὃάιτήνεγκε
1067 3191 1117 3245 καὶ

99 3267 282 3323 τελευτῶντες
300 3259 329 3315 δ’
351 3257 402 3316 οὖν
420 3262 446 3315 Α
474 3269 477 3324 Ι
504 3261 532 3315 δ’
554 3263 607 3317 del.
627 3261 730 3316 Reiske
821 3264 920 3324 9τούς
939 3262 993 3317 del.
1013 3261 1117 3317 Reiske

100 3339 132 3388 12
152 3333 203 3386 καὶ
222 3332 255 3386 οὐ
274 3333 335 3386 δεῖν
354 3329 442 3404 η’ίοντο
461 3332 539 3386 ABG
558 3333 607 3387 καλ
627 3333 711 3388 οὐδὲν
730 3331 759 3405 ᾤ’.
780 3332 862 3402 Gmg.
883 3349 951 3386 corr.
970 3331 1116 3401 Kiessling

102 3409 133 3458 15
154 3401 369 3474 ἀναλαμβάνειν
388 3420 411 3458 ο.
431 3403 533 3457 fleiske
606 3409 639 3456 19
658 3397 689 3475 ᾖ]
708 3402 726 3470 ἢ
745 3405 798 3457 AB
870 3407 904 3455 22
923 3403 1115 3474 μεταστ<αι>η

100 3475 146 3528 Bb
221 3479 256 3527 24
274 3473 359 3542 πρινη
378 3473 401 3527 Β
474 3479 508 3528 25
527 3475 576 3528 τὸν
595 3473 692 3528 στόλον
711 3491 734 3529 ο.
753 3470 897 3538 Kiessling
