2508 3882
507 212 674 261 -Η-
1033 207 1094 272 191

87 367 182 444 αύτδς
204 371 410 454 ποιήσασθαι
432 367 488 435 καί
511 368 682 455 ὠφέλειαν.
729 366 799 434 ἐπεὶ
823 366 853 436 δ’
879 368 983 456 ἀγχοῦ
1000 365 1134 456 ησυν,3

86 475 232 541 ὑπαντᾶν
254 483 294 560 τη
318 472 417 562 μητρί
439 476 618 562 προελθὼν
637 473 673 542 έκ
691 484 751 542 τοῦ
769 475 913 562 χάρακος
931 478 1016 562 ἔγνω
1035 479 1099 543 σὺν

88 580 223 666 ὀλίγοις,
250 581 328 658 τούς
350 604 385 647 τε
407 579 565 665 πελέκεις,
588 581 647 659 οὓς
666 589 888 668 προηγεῖσθαι
911 593 978 648 τῶν
1002 598 1099 669 στρα-

86 697 190 772 τηγῶν
215 689 295 765 ἔθος
322 682 378 772 ην,
406 685 597 754 ἀποθέσθαι
625 688 783 766 κελεύσας
813 697 884 768 τοίς
910 687 1099 776 ὑπηρέταις,

87 792 217 871 καὶτὰς
240 793 398 881 ῥάβδους,
422 791 503 859 ὅταν
526 792 625 878 ἐγγὺς
646 803 704 879 τῆς
726 798 849 882 μητρὸς
870 793 1019 880 γένηται,
1041 819 1098 862 ιτα-
1125 813 1139 855 ι

86 905 255 966 ταστείλαι.
301 908 404 966 ταῦτα
427 897 465 966 δὲ
486 896 658 985 Ῥωμαίοις
681 899 749 966 ε’στὶ
771 912 880 968 ποιεῖν
904 904 994 985 ἔθος,
1017 901 1133 968 ὅταν4

86 1004 251 1072 ὑπαντῶσι
278 1017 349 1084 ταίς
376 1008 523 1092 μείζοσιν
545 1005 661 1093 ἀρχαίς
683 1007 720 1074 οί
739 1008 796 1085 τὰς
819 1006 973 1086 ἐλάττους
995 1006 1098 1094 ἀρχάς

86 1114 224 1198 ἔχοντες,
242 1111 288 1189 ὡς
306 1109 405 1198 <καί>
423 1110 519 1199 μέχρι
537 1121 598 1180 τοῦ
615 1109 694 1178 καθ’
710 1111 796 1198 ἡμᾶς
813 1117 938 1201 χρόνον
956 1117 1097 1199 γίνεται·

86 1218 127 1302 ἣν·
144 1219 187 1304 δη
211 1220 285 1284 τότε
309 1220 494 1303 συνήθειαν
517 1219 693 1305 φυλάττων
716 1218 735 1285 ὁ
754 1219 919 1307 Μάρκιος,
942 1221 987 1298 ὡς
1006 1219 1097 1300 ἐξου-

85 1328 137 1413 σίηι
164 1327 291 1410 μείζονι
318 1323 450 1409 μέλλων
477 1328 524 1403 είς
551 1326 672 1393 ταύτὸν
698 1325 806 1411 ἥξειν,
833 1323 928 1394 πάντ’
955 1324 1097 1394 ἀπέθετο
1112 1347 1137 1388 1⁰

84 1431 118 1496 τά
135 1440 194 1516 τῆς
214 1432 301 1508 ίδίας
319 1431 496 1517 παράσημα
515 1431 627 1518 ἀρχῆς.
672 1434 815 1518 τοσαύτη
834 1431 910 1518 περὶ
933 1433 1036 1498 αὐτὸν
1054 1428 1098 1518 ην

84 1538 182 1616 αίδὼς
204 1534 262 1603 καί
284 1540 425 1622 πρόνοια
448 1546 506 1622 τῆς
527 1540 610 1625 πρὸς
631 1540 669 1604 τὸ
692 1537 789 1624 γένος
810 1538 986 1624 εὐσεβείας.

145 1641 311 1709 XXXXV.
360 1641 447 1709 Ἐπεί
479 1638 518 1709 δὲ
549 1645 712 1730 σύνεγγυς
743 1645 896 1730 ἀλλήλων
930 1643 1097 1730 ἐγένοντο,

80 1753 192 1836 πρώτη
217 1746 278 1835 μὲν
297 1750 386 1839 αὐτῷ
407 1749 627 1836 δεξιωσομένη
646 1757 838 1836 προσῆλθεν
855 1751 876 1836 ἡ
895 1754 1002 1838 μητηρ
1019 1748 1098 1818 πέν-

79 1857 164 1943 θιμά
188 1855 217 1923 τ’
242 1855 447 1943 ἠμφιεσμένη
464 1859 573 1944 τρύχη
597 1855 652 1924 καί
675 1859 732 1936 τὰς
755 1858 885 1945 ὁράσεις
907 1856 1097 1943 ἐκτετηκυῖα
1111 1876 1137 1918 15

79 1963 143 2029 ὑπὸ
178 1971 246 2029 τῶν
279 1964 450 2050 δακρύων,
482 1962 608 2049 έλεεινη
636 1967 774 2050 σφόδρα.
825 1965 867 2048 ἣν
897 1966 916 2032 ὁ
943 1965 1098 2051 Μάρκιος
1202 2054 1208 2058 ¹

80 2071 162 2136 ίδῶν
187 2071 342 2153 ἄτεγκτος
359 2068 440 2148 τέως
456 2068 513 2136 καί
531 2073 677 2157 στερρός,
700 2061 771 2149 οἷος
791 2072 893 2136 άπασι
912 2080 982 2147 τοῖς
1004 2068 1097 2134 ἀνια-

27 2187 149 2264 161οροῑς
174 2173 338 2262 ἀντέχειν,
361 2173 465 2243 ούθὲν
489 2179 536 2242 ἔτι
559 2186 625 2242 τῶν
648 2174 891 2261 λελογισμένων
916 2175 1096 2261 φυλάττειν

80 2283 195 2360 ίκανὸς
216 2276 273 2367 ἦν,
295 2279 366 2348 ἀλλ’
390 2281 491 2371 ρ’ύχετο
515 2286 698 2369 φερόμενος
719 2283 784 2349 ὑπὸ
808 2293 875 2348 τῶν
898 2287 1018 2347 παθῶν
1043 2278 1095 2345 ἐπὶ

78 2391 113 2456 τὸ
146 2388 385 2476 ἀνθρώπινον,
416 2387 473 2455 καί
500 2391 688 2477 περιβαλὼν
718 2389 822 2472 αὐτην
851 2388 1010 2472 ἠσπάζετο
1040 2384 1136 2452 καίεο

77 2507 148 2573 ταῖς
168 2495 320 2579 ἡδίσταις
337 2506 465 2581 φωναίς
482 2495 634 2562 ἀνεκάλει
651 2493 815 2582 καὶμέχρι
829 2499 955 2562 πολλοῦ
971 2495 1096 2559 κλαίων

78 2624 113 2666 τε
134 2599 193 2667 καί
216 2599 381 2687 περιέπων
399 2613 548 2688 κατείχεν
567 2599 787 2686 ἐκλελυμένην
805 2599 860 2667 καὶ
879 2599 1024 2686 ῥέουσαν
1042 2597 1096 2666 έπί

79 2709 136 2791 την
161 2716 237 2792 γῆν.
283 2708 327 2786 ὡς
350 2704 387 2774 δὲ
409 2719 476 2775 τῶν
500 2708 681 2794 ἀσπασμῶν
699 2717 756 2793 τῆς
778 2710 900 2795 μητρὸς
922 2709 995 2785 άλις
1018 2702 1096 2793 εἶχε,

79 2813 138 2896 την
175 2822 320 2896 γυναῖκα
355 2819 612 2899 προσελθοῦσαν
649 2813 889 2900 δεξιωσάμενος
924 2815 992 2900 ἀμα
1027 2823 1097 2892 τοίς

79 2914 208 2996 τέκνοις
239 2913 343 2992 εἶπεν·
377 2917 522 3005 Ἀγαθῆς
550 2922 708 3004 γυναικὸς
737 2923 836 3008 ἔργον
866 2920 1038 3006 ἐποίησας,
1068 2899 1134 3011 ὦὲ,

82 3025 308 3109 Οὐολουμνία,
335 3030 475 3110 μείνασα
498 3027 587 3113 παρὰ
609 3036 648 3112 τῇ
672 3030 773 3113 μητρί
792 3051 857 3113 μου
880 3025 936 3094 καὶ
959 3028 1020 3094 οὐκ
1043 3024 1095 3108 έγ-

81 3138 306 3197 καταλιποῦσα
328 3132 390 3216 την
413 3130 551 3219 έρημίαν
569 3133 670 3218 αὐτῆς
692 3135 802 3218 ἔμοιγε
820 3142 937 3198 πασῶν
954 3132 1098 3216 ἡδίστην

152 3329 168 3380 8
188 3323 238 3378 καί
257 3323 321 3378 add.
340 3323 444 3379 Reiske
499 3331 514 3379 9
535 3325 571 3388 ὡς
589 3324 652 3380 add.
672 3326 695 3379 B
717 3341 801 3394 supra
818 3324 867 3378 lin.
925 3327 957 3377 10
977 3321 1093 3376 *ταάτὸ

84 3392 104 3447 0
179 3401 213 3450 14
232 3395 319 3469 αύτῷ]
339 3396 425 3451 αὐτὸν
443 3395 469 3449 Α
533 3402 565 3450 16
584 3396 681 3450 ἀπδΑ
744 3402 778 3451 20
796 3392 994 3466 περιλαβὼνΑ
1060 3399 1093 3446 21

83 3461 267 3538 ιιλ<αι>ωνΒ
318 3471 353 3522 24
366 3470 581 3536 προσελθοῦσαν
596 3466 694 3521 add.B
744 3471 777 3520 27
793 3461 859 3535 ἐμοί
868 3483 898 3519 τε
912 3480 935 3518 ο.
950 3461 1095 3532 Kiessling
