2538 3884
553 196 720 250 ..ρ-

130 361 269 437 σιιότους
292 353 322 424 δ’
345 357 627 443 ἐπιλαμβάνοντος
645 353 841 444 ἀνεχώρουν
860 357 898 422 αί
913 355 1074 440 δυνάμεις
1093 354 1149 422 ἐπὶ

129 467 209 542 τοὺς
239 462 366 530 ἑαυτῶν
395 465 539 550 χάρακας
567 465 642 530 οὔτε
670 475 809 530 νικῶσαι
839 464 915 530 οὔτε
943 464 1150 547 λειπόμεναι.

94 573 203 648 4ταῖς
230 568 260 636 δ’
288 568 361 656 ἕξης
382 569 519 657 ἡμέραις
541 572 681 658 νεκρούς
701 594 737 636 τε
759 573 839 648 τοὺς
862 567 990 635 ἑαυτῶν
1013 568 1151 653 ἐκήδευ-

132 695 195 744 σαν
219 679 255 743 οί
274 678 434 762 ἡγεμόνες
456 675 511 742 καὶ
533 677 678 764 χάρακας
700 675 918 761 ἐξωρύξαντο,
939 673 996 741 καὶ
1014 676 1151 760 γνώμας

104 784 190 862 ττὰς
213 783 313 860 αὐτάς
336 779 426 869 είχον
451 779 610 870 ἑκάτεροι,
633 783 689 848 διδι
709 788 858 869 φυλακῆς
875 783 916 848 τὰ
934 783 1042 848 οίκεία
1059 784 1150 867 ἔχειν

131 887 187 956 καὶ
210 887 324 974 μηκέτι
346 889 461 976 άρχειν
484 889 597 975 μάχης.
636 891 747 954 ἔπειτα
770 891 834 955 σὺν
856 891 965 978 χρόνῳ
988 889 1048 966 τδς
1071 902 1221 971 men-1891

133 997 194 1074 νίις
216 997 377 1074 λύσαντες
399 991 531 1079 άπηγον
552 995 610 1071 τὰς
633 995 799 1080 δυνάμεις.

197 1100 284 1166 LVI.
312 1097 368 1166 Ἰδν
396 1096 434 1166 δὲ
461 1109 507 1189 τῷ
535 1101 615 1185 μετὰ
642 1103 782 1178 τούτους
802 1103 881 1178 τούς
903 1100 1050 1177 ὑπάτους
1072 1102 1152 1185 ἔτει,

132 1208 215 1274 κατὰ
249 1208 310 1291 την
345 1205 593 1292 ἑβδομηκοστὴν
625 1205 681 1273 καὶ
710 1207 835 1292 ὀγδόην
864 1207 1069 1292 ὀλυμπιάδα,
1104 1207 1151 1291 ἣν

94 1337 120 1376 10
134 1313 227 1380 ἐνίκα
264 1313 399 1378 στάδιον
436 1315 651 1398 Παρμενίδης
686 1313 957 1398 Ποσειδωνιάτης
984 1311 1149 1400 Ἀθήνησι

133 1423 194 1506 την
218 1417 388 1485 ἐνιάύσιον
411 1417 517 1505 ἀρχὴν
540 1421 674 1505 ἔχοντος
699 1420 918 1504 Θεαγενίδου,
946 1420 1152 1504 κατεστάθη-

135 1546 197 1593 σαν
215 1527 335 1593 ύπατοι
352 1524 520 1610 Ῥωμαίων
539 1521 651 1602 Αὖλος
670 1525 866 1612 Οὐεργίνιος
884 1528 1153 1610 Καιλιμοντανὸς
1267 1607 1268 1618 ,

134 1631 189 1700 καὶ
213 1637 308 1710 mog
326 1635 490 1716 Νομίκιος
503 1635 660 1717 Πρίσκος.
693 1634 767 1720 άρτι
785 1629 817 1697 δ’
835 1634 946 1698 αὐτῶν
962 1633 1024 1717 τὴν
1043 1631 1152 1719 ἀρχὴν
1267 1625 1268 1630 ’

56 1729 60 1734 ’
135 1740 389 1823 παρειληφότων
418 1735 608 1821 άγγίλλεται
638 1739 773 1825 στρατιὰ
796 1737 1021 1804 Οὐολούσκων
1042 1739 1152 1822 πολλὴ

97 1863 122 1904 ιι
136 1851 296 1930 παροῦσα.
342 1840 398 1908 καὶ
425 1841 494 1927 μετ’
521 1843 562 1908 οὐ
589 1847 675 1910 πολὺ
702 1855 770 1910 τῶν
797 1848 1000 1930 περιπολίων
1028 1869 1059 1910 τι
1082 1856 1152 1910 τῶν

132 1947 321 2033 Ῥωμαϊκῶν
349 1946 382 2026 ἐξ
410 1946 535 2033 ἐφόδου
562 1946 778 2035 καταληφθὲν
805 1948 944 2020 ἐκαίετο·
976 1945 1019 2034 ἦν
1046 1948 1077 2015 δ’
1106 1951 1149 2016 οὐ

138 2057 194 2122 διδ
217 2065 344 2142 μακροῦ
367 2063 425 2139 της
437 2052 571 2140 Ῥώμης,
593 2053 648 2120 καὶ
672 2056 690 2122 ό
713 2057 838 2133 καπνὸς
859 2057 999 2138 ἤγγελλε
1021 2067 1090 2133 τοῖς
1112 2055 1149 2122 ἐν

1 2199 2 2238 3
102 2165 175 2248 2τῇ
199 2165 293 2228 πόλει
315 2163 352 2227 τὸ
375 2161 493 2238 πάθος.
538 2164 611 2226 τότε
634 2158 696 2246 μὲν
718 2157 782 2228 οὖν
805 2199 847 2208 -
871 2160 1012 2247 καὶγὰρ
1035 2157 1078 2246 ἦν
1103 2165 1224 2228 ἒτι1898
1266 2203 1267 2230 ς

1 2253 3 2344 ί
137 2266 198 2347 νύξ
225 2305 263 2314 -
290 2269 398 2344 ίππεῐς
420 2291 513 2346 τινας
535 2266 786 2345 ἀποστείλαντες
809 2265 863 2334 ἐπὶ
884 2269 1096 2353 κατασκοπὴν
1119 2269 1156 2334 οί

1 2347 4 2499 ἰ
98 2393 124 2432 2⁰
136 2375 256 2441 ύπατοι
279 2371 334 2440 καὶ
353 2374 503 2459 φυλακάς
519 2375 780 2457 καταστήσαντες
798 2373 852 2440 ἐπὶ
870 2385 939 2451 τοῖς
957 2379 1077 2460 τείχεσι
1096 2373 1155 2440 καὶ

1 2505 2 2523 ¹
138 2477 233 2547 αὐτοὶ
250 2479 426 2565 ταξάμενοι
443 2481 508 2565 πρὸ
527 2491 594 2546 τῶν
612 2485 728 2546 πυλῶν
744 2483 808 2546 σὺν
821 2491 891 2558 τοῖς
903 2480 1154 2566 εὐζωνοτάτοις,

1 2573 14 2628 ί
138 2585 326 2672 ἐξεδέχοντο
343 2587 403 2664 τάς
420 2587 509 2672 παρά
527 2598 593 2652 τῶν
609 2585 734 2652 ίππέωυ
750 2584 916 2670 άγγελίας·
939 2587 984 2663 ὡς
998 2584 1029 2652 δ’
1046 2585 1156 2672 ἡμέρα

1 2709 2 2744 1
136 2691 165 2757 τ’
188 2691 329 2777 ἐγένετο,
352 2691 407 2758 καὶ
431 2695 656 2780 συνήθροιστο
679 2693 792 2770 αὐτοῖς
813 2692 834 2776 η
857 2692 894 2758 ἐν
917 2702 956 2778 τῇ
979 2696 1074 2759 πόλει
1093 2694 1156 2758 δύ-

209 2960 225 3007 2
250 2946 401 3077 5avv<fflvg
420 2954 467 3008 Bb
493 2959 497 3025 Ι
522 2958 588 3024 post
607 2955 733 3025 χάρακας
751 2970 821 3010 eras.
841 2953 931 3008 καλΒ
1035 2961 1053 3008 4
1075 2975 1106 3010 τε
1127 2955 1158 3010 οἱ

138 3023 273 3096 ἡγεμόνες
290 3024 355 3086 τοὺς
417 3028 421 3093 1
442 3028 507 3095 post
525 3026 651 3097 χάρακας
669 3026 740 3080 haee
759 3027 857 3080 verba:
876 3022 1068 3094 ὑψηλοτέρους
1087 3021 1156 3099 ἐβά-

138 3102 219 3152 λοντο
238 3095 295 3168 (vel
312 3094 441 3166 ἤγειραν)
464 3096 513 3149 καὶ
530 3096 656 3168 τάφρους
675 3093 834 3170 βαθυτέρας
852 3095 908 3166 (vel
927 3094 1088 3166 εὐρυτέροις)
1112 3096 1155 3150 in-

140 3168 258 3223 serenda
277 3183 338 3221 esse
357 3169 453 3222 censet
471 3166 600 3222 Hertlein
618 3170 735 3222 Hermes
753 3168 779 3221 X
797 3173 849 3222 418
922 3172 956 3222 10
974 3168 1156 3237 Παρμενίτης

138 3239 162 3292 Β
187 3242 192 3308 Ι
213 3237 347 3310 Ἀθήνησι
365 3237 397 3293 δὲ
417 3237 440 3292 Ο
459 3239 571 3306 praeter
589 3240 613 3292 A
695 3243 728 3292 12
752 3237 977 3308 ΝομεντανὸςΟ
1000 3241 1158 3308 Καιλιμον-

138 3311 224 3373 τανὸς
242 3309 374 3364 Gelenius
474 3313 507 3362 13
530 3325 581 3378 pro
601 3310 740 3379 Νομίκιος
758 3308 834 3377 apud
852 3308 1020 3377 Diodorum,
1041 3308 1158 3364 Livium

140 3379 269 3501 {liosqgg
285 3380 444 3500 Ῐέίινούκιος
463 3381 556 3435 exstat
634 3385 667 3434 15
690 3378 862 3450 περιπόλεων
880 3381 906 3432 Α
978 3385 1012 3434 16
1036 3374 1066 3446 ἐξ
1085 3375 1159 3449 ἒφό-

160 3465 229 3501 ova
270 3491 275 3503 .
733 3493 735 3500 .
