2508 3882
157 199 223 264 258
580 201 747 252 -Η-

158 372 260 446 κρῶν,
283 364 330 438 είς
347 362 409 445 τὴν
428 360 595 445 ἐγγυτάτω
614 363 713 426 πόλιν
722 358 858 427 ’Ἀντιον
877 360 1062 441 ἀνέζευξαν·
1082 367 1152 430 ἔνθα

105 493 107 498 ’
157 471 383 547 παιανίζοντες
406 465 460 532 έπὶ
481 475 521 552 τῇ
543 471 620 553 νίκη
638 465 693 531 καὶ
711 467 853 544 θύοντες
871 467 909 534 έν
927 471 1049 535 ἅπασιν
1067 472 1155 556 ἱεροῖς

62 659 64 664 Ι
158 577 206 652 είς
228 574 407 650 εὐπαθείας
425 569 480 638 καὶ
502 571 626 654 ἡδονάς
644 583 715 650 ταῖς
734 571 808 657 έξῆς
824 573 962 658 ἡμέραις
981 574 1155 660 ἐτράποντο.
1231 575 1232 580 ’

121 681 190 746 2εί
214 678 276 767 μὲν
303 676 366 748 οὖν
398 677 452 746 ἐπὶ
478 687 536 762 τῆς
562 681 636 744 τότε
663 683 758 763 νίκης
785 679 957 764 διέμειναν
984 680 1040 746 καὶ
1065 679 1155 767 μηδὲν
1232 731 1233 754 2

128 785 445 873 ιέπεξειρχάσαντο,
485 786 588 850 καλὸν
631 783 673 850 δν
710 785 821 863 αὐτοῖς
856 788 987 871 εἰλήφει
1023 786 1111 865 τέλος
1141 789 1155 854 ὁ
1232 779 1233 796 ’

156 893 257 978 άχών.
297 891 449 978 Ῥωμαῖοι
475 892 539 977 γὰρ
565 890 626 957 οὐκ
648 889 691 956 δν
713 889 895 975 ὑπέμειναν
918 894 966 958 έτι
989 900 1155 979 προελθεῖν
1233 959 1234 972 ,

157 999 192 1065 έκ
214 1009 275 1065 τοῦ
297 1000 440 1084 χάρακος
463 994 517 1061 έπὶ
539 995 683 1085 πολέμφ,
707 995 877 1080 ἀγαπητόν
901 995 931 1062 δ’
955 997 998 1064 δν
1022 997 1113 1084 <ην>,
1133 1002 1157 1063 εί

156 1105 310 1188 ἀπῆλθον
340 1103 376 1168 ἐκ
407 1112 464 1186 τῆς
497 1106 672 1186 πολεμίας,
703 1106 874 1188 κρείττονα
905 1115 967 1170 τοῦ
998 1108 1156 1192 προδήλου

155 1211 306 1277 θανάτου
333 1209 394 1292 τὴν
422 1207 544 1287 ίίδοξον
565 1209 769 1293 ἡγησάμενοι
791 1212 914 1294 φυγήν.
960 1221 1028 1277 νῦν
1050 1209 1086 1278 δέ
1106 1221 1157 1277 τοῦ

115 1341 142 1382 10
155 1321 309 1393 πλείονος
338 1315 531 1400 ὀρεγόμενοι
560 1312 616 1380 καὶ
643 1317 706 1399 την
736 1313 772 1380 έκ
799 1324 857 1399 τῆς
885 1317 1049 1403 προτέρας
1075 1322 1157 1401 νίκης

120 1424 257 1504 3δόξαν
280 1421 457 1507 ἀπέβαλον.
501 1422 678 1498 ἀκούοντες
701 1422 764 1506 γάρ
787 1423 876 1506 παρά
895 1446 930 1488 τε
950 1429 1219 1490 κατασκόπωνειεε

154 1529 209 1597 καὶ
236 1541 304 1597 τῶν
332 1528 368 1594 έκ
395 1537 456 1595 τοῦ
482 1529 624 1614 χάρακος
647 1526 941 1615 ἀποδεδρακότων,
968 1530 1020 1595 ότι
1047 1531 1157 1616 κομιδῇ
1236 1510 1237 1578 ¹

153 1635 183 1700 τ’
212 1635 297 1702 είσὶν
320 1637 356 1700 οί
381 1633 545 1712 σωθέντες
562 1632 731 1718 Ῥωμαίων
758 1634 866 1718 ὀλίγοι
895 1633 951 1700 καὶ
978 1637 1106 1702 τούτων
1130 1637 1161 1701 oc

153 1746 287 1818 πλείους
316 1744 529 1826 τραυματίαι,
559 1741 687 1824 πολλὴν
709 1740 819 1806 αὐτῶν
849 1739 1047 1824 έποιήσαπο
1070 1766 1160 1808 κατα-
1237 1725 1238 1818 ¹

115 1870 140 1911 15
155 1850 338 1933 φρόνησιν,
368 1845 423 1912 καί
450 1845 567 1912 αὐτίκα
589 1849 629 1912 τά
652 1847 738 1913 ὅπλα
761 1845 966 1932 ἁρπάσαντες
989 1849 1090 1914 ἔδεον
1112 1845 1156 1913 ἐπ’

154 1953 283 2030 αὐτούς.
328 1954 415 2019 πολὺ
444 1948 481 2017 δὲ
507 1949 562 2016 καὶ
589 1954 626 2019 τὸ
655 1954 802 2019 άνοπλον
825 1953 939 2030 αὐτοῖς
965 1953 1002 2018 έκ
1028 1963 1086 2038 τῆς
1107 1958 1162 2020 πό
1238 1942 1239 2010 ¹

153 2064 237 2137 λεως
260 2060 368 2126 εἵπετο
391 2059 473 2124 κατὰ
495 2056 581 2124 θέαν
603 2068 663 2124 τοῦ
681 2057 811 2141 ἀγῶνος
828 2057 883 2124 καὶ
902 2060 969 2143 ἅμα
987 2057 1040 2144 ἐφ’
1064 2060 1162 2146 ἁρπα-

115 2169 216 2253 4νήν
238 2191 272 2233 τε
295 2164 351 2232 καὶ
375 2165 546 2250 ὠφέλειαν.
591 2162 661 2230 έπεί
685 2160 722 2229 δέ
740 2167 985 2249 προσβαλόντες
1005 2176 1052 2254 τῷ
1071 2171 1161 2256 λόφφ

152 2278 211 2340 τόν
243 2298 277 2339 τε
310 2273 436 2360 χάρακα
467 2269 684 2358 περιέστησαν
715 2269 770 2335 καί
799 2272 840 2335 τά
871 2275 1163 2357 περισταυρώματα

113 2403 140 2443 ιο
154 2383 299 2447 διασπᾶν
322 2379 523 2464 ἐπεχείρουν,
548 2387 673 2463 πρῶτοι
695 2373 756 2459 μέν
780 2377 816 2442 οί
834 2387 902 2442 τῶν
919 2373 1090 2462 Ῥωμαίων
1113 2381 1128 2445 ί
1151 2421 1164 2429 -

151 2499 223 2565 πεῑς
249 2484 340 2565 πεζοὶ
367 2489 546 2572 μαχόμενοι
574 2484 630 2550 διά
656 2483 718 2566 τὴν
743 2491 804 2548 τοῦ
831 2485 956 2568 χωρίου
982 2487 1088 2569 φύσιν
1117 2485 1164 2566 έξ-

152 2593 297 2680 έδραμον
321 2589 370 2657 ἐπ’
393 2592 523 2674 αὐτούς,
548 2593 659 2656 ἔπειτα
676 2589 803 2656 τούτων
825 2593 964 2656 κατόπιν
988 2593 1024 2659 οί
1043 2595 1222 2659 καλού-ιιιε

151 2721 246 2781 μενοι
277 2698 421 2783 τριάριοι
452 2697 684 2772 πυκνώσαντες
718 2696 797 2772 τοὺς
831 2699 964 2781 λόχους·
1002 2694 1097 2766 οὗτοι
1130 2698 1161 2764 δ’

150 2801 236 2868 είσὶν
256 2803 291 2867 oc
310 2803 532 2885 πρεσβύτατοι
549 2811 615 2866 τῶν
634 2800 917 2886 στρατευομένων,
939 2795 990 2881 οἷς
1007 2805 1048 2870 τὰ
1066 2822 1165 2890 στρα-

221 3025 532 3152 λπ<αιφανίζοντεςΒ
605 3032 620 3081 5
640 3021 953 3100 έπεξ<ει>ρχάοαντοΒ
1026 3038 1042 3086 ’ί
1063 3026 1096 3086 έκ
1114 3041 1164 3087 τοῦ

149 3100 274 3172 χάρακος
293 3094 328 3153 έπ
358 3096 468 3171 πολέμῳ
493 3098 639 3167 ίιχαπητδν
658 3114 712 3153 om.
731 3099 778 3151 Ba
801 3099 866 3155 add.
885 3100 986 3172 Bbmg
1010 3095 1059 3156 ἐπὶ
1080 3102 1164 3158 πόλε-

150 3179 221 3244 μονλ
249 3175 252 3242 Ι
282 3169 309 3226 εί
327 3187 380 3225 om.
399 3168 446 3223 Ba
463 3169 613 3238 ἀγαπητῶς
632 3167 660 3223 δ’
681 3168 718 3223 ἂν
736 3170 868 3238 ἀπῆλθον
888 3187 911 3226 ο,
929 3171 1075 3244 Kiessling
1093 3174 1164 3244 διχα-

149 3245 239 3314 πητδν
259 3240 286 3297 δ’
308 3240 345 3297 διν
364 3235 400 3312 ἦν
418 3239 465 3295 vel
483 3240 629 3310 ἀγαπητὸν
648 3238 676 3294 δ’
697 3234 733 3309 ἦν
752 3257 775 3294 ο.
795 3239 917 3312 Sylburg
1003 3248 1035 3296 12
1055 3252 1112 3299 τῶν
1132 3240 1163 3299 ἐκ

148 3332 203 3369 om.
222 3315 269 3368 Ba
303 3317 307 3379 Ι
341 3310 595 3381 ἀποδεδρακόντων
619 3311 639 3365 C
663 3311 930 3380 ἀποδιδρασκόντων
953 3313 979 3366 R
1001 3314 1164 3385 ἀποδεδρα-

148 3385 238 3438 κότων
257 3384 346 3438 Οοδθτ
365 3383 430 3439 obs.
449 3401 468 3451 p
489 3389 538 3436 172
632 3388 663 3436 19
682 3381 718 3435 τδι
739 3381 820 3452 πέριξ
845 3385 1030 3455 σταυρώματα
1057 3403 1082 3441 ο.
1102 3386 1163 3456 syl-

147 3454 222 3522 burg
239 3452 424 3524 περιέστασαν
443 3471 465 3509 ο.
483 3452 572 3508 Cobet
585 3453 603 3508 l.
618 3453 637 3507 l.
