2484 3876
197 219 261 284 126
617 223 785 274 -Η-

194 380 250 448 καὶ
276 382 441 467 ἡγεμόνας
468 382 653 468 ἀπολέμους
680 379 784 470 εἶχεν,
811 383 829 450 ὁ
858 379 896 447 δὲ
917 382 1073 469 Μάρκιος
1100 383 1196 446 αἰτίαν

194 500 325 576 πρῶτον
344 487 426 577 ςόετο
446 491 518 554 δεῖν
536 490 656 574 εὐσεβῆ
675 487 730 555 καλ
749 491 881 555 δικαίαν
905 489 1130 574 ἐνστήσασθαι
1146 499 1196 553 τοῦ

193 594 340 680 πολέμου
364 595 543 678 διδάσκων,
566 596 611 672 ὡς
633 595 774 673 άπάσαις
796 593 857 681 μὲν
879 595 1017 682 πράξεσι
1035 593 1112 661 θεοὶ
1130 576 1211 660 συί-ί

194 702 412 786 λαμβάνουσι,
435 703 574 787 μάλιστα
598 699 635 767 δὲ
658 714 730 781 ταῖς
748 705 830 769 κατά
848 701 1026 787 πολέμους,
1049 702 1117 792 όσφ
1138 705 1195 785 μεί-

167 811 270 886 εζους
291 807 329 874 τέ
349 810 414 875 είστ
435 821 503 875 τῶν
525 811 636 876 ἄλλων
654 806 710 875 καὶ
727 812 775 886 είς
792 809 937 894 ἀδόλους
954 813 1095 894 φιλοῦσι
1112 831 1195 872 κατα-

195 918 351 1000 σκήπτειν
387 917 497 1001 τύχας.
552 915 734 1002 ἐτύγχανον
771 912 808 981 δὲ
843 920 916 982 τότε
944 915 1118 1000 Ῥωμαίοις
1149 909 1211 978 καλεῖ

195 1023 421 1099 Οὐολούσκοις
443 1021 617 1109 ἐκεχειρίαι
644 1033 705 1089 τοῦ
731 1020 878 1107 πολέμου
905 1020 961 1087 καὶ
986 1019 1105 1106 άνοχαλ
1125 1021 1212 1102 πρὸςΞ

193 1128 357 1211 ἀλλήλους
389 1123 485 1194 οὖσαι
518 1129 664 1195 σπονδαί
693 1153 728 1194 τε
763 1129 878 1206 διετεῖς
910 1129 1014 1218 ὀλίχφ
1048 1129 1191 1212 πρότερον

159 1237 302 1322 3χρόνφ
330 1236 514 1317 χενόμεναι.
559 1233 637 1300 Ἐάν
664 1231 726 1319 μέν
753 1230 815 1301 οὖν
842 1233 1104 1321 ἀπερισκέπτως,
1129 1234 1188 1315 ἔφη,

154 1364 180 1402 ιο
193 1338 248 1405 καὶ
271 1339 327 1404 διὰ
354 1341 473 1425 τάχους
499 1342 558 1406 τὸν
584 1345 730 1427 πόλεμον
757 1340 928 1428 ἐπιφέρῃς,
954 1352 1019 1407 τοῦ
1047 1339 1188 1405 λελύσθαι

192 1446 250 1525 τάς
276 1448 421 1524 σπονδὰς
453 1453 557 1525 αῖτιος
588 1451 646 1533 ἔσχ
675 1445 730 1514 καὶ
759 1451 796 1514 τὸ
826 1449 1004 1533 δαιμόνιον
1036 1447 1097 1532 οὐχ
1124 1443 1188 1521 ἕξεις

192 1552 339 1639 εὐμενές·
368 1553 426 1618 ἐάν
455 1550 491 1619 δὲ
519 1559 724 1641 περιμείνῃς,
754 1554 816 1632 ἕως
842 1554 962 1620 έκεῖνοι
989 1564 1090 1621 τοῦτο
1111 1549 1186 1628 ποιή-
1212 1553 1213 1604 ί

192 1677 307 1743 σωσιν,
330 1659 517 1744 ἀμύνεσθαι
535 1660 642 1740 δόξεις
659 1660 714 1727 καὶ
733 1660 926 1746 λελυμέναις
944 1663 1108 1735 σπονδαῖς
1125 1659 1185 1741 βοη-

191 1771 277 1830 θεῖν.
323 1766 411 1843 ὅπως
434 1764 465 1832 δ’
487 1767 529 1833 ἂν
547 1778 645 1834 τοῦτο
664 1767 805 1852 χένοιτο,
828 1765 883 1834 καὶ
906 1767 996 1844 ὅπως
1018 1766 1061 1832 άν
1084 1763 1185 1829 ἐκεῖνοι

117 1938 121 1948 Δ
152 1892 178 1934 τε
192 1867 252 1954 μέν
279 1870 413 1957 όίρξειαν
440 1875 704 1959 παρασπονδεῖν,
734 1874 827 1959 ἡμεῖς
858 1870 895 1939 δὲ
924 1873 1083 1958 δόξαιμεν
1109 1869 1186 1933 ὅσιον

122 1974 129 2035 ·’.
191 1973 246 2041 καὶ
273 1978 403 2043 δίκαιον
431 1977 599 2066 ἐπιφέρειν
625 1983 685 2046 τὸν
714 1985 876 2066 πόλεμον,
908 1980 972 2063 ἐγὼ
1008 1983 1072 2046 σύν
1097 1975 1184 2053 πολλῇ

191 2084 346 2167 φροντίδι
369 2083 543 2171 ἀνεύρηκα.
589 2087 643 2151 δεῖ
658 2084 689 2151 δ’
710 2085 769 2172 ὑφ’
790 2087 884 2171 ἡμῶν
903 2087 1026 2164 αὐτοὺς
1047 2084 1184 2162 έξατῖαῑλ·
1213 2083 1214 2108 ’

155 2188 313 2268 4θέντας
339 2189 434 2277 άρξαι
461 2202 519 2276 τῆς
545 2197 760 2279 παρανομίας.
805 2193 824 2260 δ
847 2189 885 2258 δὲ
907 2196 1030 2278 τρόπος
1051 2200 1108 2274 τῆς
1128 2184 1183 2261 ἐξα·

190 2297 303 2381 πάτης,
322 2296 361 2362 ὃν
381 2297 444 2381 ἐγὼ
458 2297 538 2376 τέως
552 2295 613 2385 μέν
628 2299 814 2386 ἀπόρρητον
828 2298 1013 2384 ἐφύλαττον
1027 2290 1183 2379 ἀναμένων

150 2427 177 2467 ιο
190 2407 249 2470 τὸν
277 2406 399 2470 οἰκεῖον
422 2405 529 2470 αὐτοῦ
557 2408 691 2490 καιρόν,
718 2415 782 2471 νῦν
809 2402 847 2470 δὲ
870 2416 931 2472 σοῦ
958 2402 1183 2479 σπουδάζοντος

190 2512 290 2596 ἔργου
313 2512 447 2595 ἔχεσθαι
464 2517 589 2577 θᾶττον
608 2511 759 2598 ἐκφέρειν
778 2514 824 2589 είς
846 2510 948 2597 μέσον
967 2507 1182 2594 άναγκάξομῖῑι

188 2618 320 2681 τοιόσδε
342 2615 445 2682 ἐστίν·
468 2621 591 2695 θυσίας
614 2618 774 2685 ἐπιτελεῖν
792 2617 944 2703 Ῥωμαῖοι
968 2615 1123 2702 μέλλουσι
1138 2600 1181 2672 καὶ

189 2719 319 2802 άχῶνας
354 2725 448 2805 άνειν
484 2723 547 2789 άπὸ
582 2730 716 2789 πολλῶν
747 2725 922 2810 χρημάτων
954 2725 1084 2808 σφόδρα
1114 2721 1180 2795 λαμ·

188 2828 302 2911 προύς,
323 2826 499 2911 ἀφίξονταί
513 2853 547 2893 τε
565 2831 646 2894 κατά
665 2829 750 2894 θέαν
768 2829 822 2895 έπλ
839 2833 976 2908 τούτους
994 2823 1109 2896 πολλοὶ
1125 2828 1179 2886 τῶν

148 2915 316 3031 ,ἶχξένωνΙ
347 2943 466 2999 τοῦτον
493 2933 670 3019 ἀναμείνας
699 2937 757 3000 τὸν
780 2940 903 3022 χρόνον
926 2943 977 3002 λθι
1000 2933 1054 3001 καὶ
1076 2933 1114 2996 σύ
1133 2917 1177 2990 καὶ

191 3039 412 3104 Οὐολούσκων
440 3041 540 3118 ὅσους
568 3042 710 3106 δύνασαι
741 3046 914 3121 πλείστους
944 3031 1214 3128 παρασκεύασονλόθ

261 3278 271 3322 1
294 3266 531 3338 ἀπειροπολέμους
545 3286 567 3324 ο.
582 3269 724 3339 Kiessling
778 3276 794 3325 3
813 3269 929 3339 πράξεσι
946 3270 1068 3330 δικαίαις
1080 3255 1172 3318 Reisko.

188 3339 311 3402 άπάσαις
329 3339 379 3408 μὲν
398 3345 459 3401 ταῖς
477 3341 601 3402 δικαίαις
618 3339 736 3411 πράξεσι
754 3357 777 3394 c.
792 3339 880 3395 Cobet
898 3338 964 3395 Obs.
983 3359 1011 3410 p.
1027 3343 1075 3394 152
1146 3327 1172 3377 12

188 3405 358 3481 ἑπιμένχςΑ
375 3409 619 3501 περιμ<εί>νχςΒ
710 3418 743 3465 13
758 3410 879 3484 δόξῃςΑ
908 3415 912 3477 Ι
941 3417 1003 3473 ταῖς
1020 3406 1144 3486 σπονδαῖς
1154 3409 1173 3445 ⁰·

187 3480 330 3550 Kiessling
402 3487 434 3535 18
454 3482 563 3550 ἀπατης
581 3499 605 3538 ο.
623 3481 767 3550 Kiessling
837 3489 870 3536 21
890 3475 936 3534 έπλ
956 3480 978 3535 Ο
998 3480 1037 3543 είς
1053 3471 1145 3534 ΒιιῡῙῑθ
