2538 3884
500 189 704 262 ’-Θ-
1060 209 1124 274 371
1226 209 1231 219 ·

114 367 170 444 τάς
196 365 412 453 νομιζομένας
439 365 624 436 ἀποδοῦναι
652 378 697 457 τῷ
726 367 826 456 πατρὶ
848 370 951 455 τιμάς.
990 369 1127 448 ’Ἀκπιος

113 470 174 558 μὲν
199 467 261 540 οὖν
283 476 438 560 τοιαύτης
460 480 613 560 τελευτῆς
635 477 760 560 ἐτυχεν.

178 578 246 644 LV.
290 581 335 645 Οί
365 578 395 646 δ’
429 580 549 647 ὕπατοι
580 581 849 668 καταγράψαντες
880 583 937 661 τδις
969 583 1127 668 δυνάμεις

112 684 231 770 ἐξῆγον
259 684 294 751 ἐκ
321 696 379 772 τῆς
400 690 540 766 πόλεως·
571 689 713 765 Λεύκιος
735 683 797 772 μὲν
821 685 1003 774 Οὐαλέριος
1024 691 1073 754 Ac
1114 727 1125 738 -

111 803 184 870 νοῑς
205 795 418 878 πολεμήσων,
449 791 599 879 Τιβέριος
622 791 652 859 δ’
680 795 834 879 Αἰμίλιος
856 798 1026 879 Σαβίνοις.
1071 792 1126 860 καὶ
1152 824 1166 864 ε

110 901 174 984 γάρ
203 895 296 966 οὗτοι
323 899 405 964 κατά
428 900 488 964 τὸν
510 908 568 983 τῆς
591 900 735 977 στάσεως
756 902 874 986 καιρὸν
897 899 1056 985 ἐνέβαλον
1078 903 1127 979 είς

108 1007 171 1090 τῆν
199 1003 367 1090 Ῥωμαίων
399 1007 511 1093 χώραν
543 1003 599 1071 καὶ
630 1007 758 1091 πολλὴν
790 1007 891 1092 αὐτῆς
919 1008 1126 1084 κακώσαντες

110 1107 266 1196 ἀπῆλθον
294 1115 386 1177 λείαν
409 1113 566 1197 άῳθονου
588 1115 853 1198 περιβαλόμενοι.
898 1109 1040 1179 Αίκανολ
1063 1108 1125 1197 μὲν

110 1212 173 1284 οὖν
200 1217 358 1295 πολλάκις
387 1220 434 1295 είς
460 1229 573 1305 χεῖρας
595 1217 752 1297 ἐλθόντες
773 1216 830 1285 καὶ
851 1219 976 1297 πολλὰς
998 1219 1125 1304 πληγάς

109 1325 269 1408 λαβόντες
300 1326 347 1401 είς
378 1325 437 1390 τὸν
468 1325 595 1411 χάρακα
628 1323 665 1391 ἐν
695 1324 802 1414 ἐχυρῷ
831 1329 941 1415 χωρίῳ
970 1329 1125 1410 κείμενον
1140 1355 1166 1394 10

109 1428 300 1514 κατέφυγον
326 1428 382 1496 καὶ
409 1432 447 1496 τὸ
469 1434 588 1498 λοιπὸν
612 1429 723 1498 οὐκέτι
745 1428 914 1518 προῄεσαν
937 1433 985 1508 είς
1007 1431 1123 1516 μάχην.

109 1537 127 1604 ὁ
152 1533 190 1602 δὲ
210 1534 392 1623 Οὐαλέριος
415 1535 602 1624 ἐπεχείρησε
626 1534 687 1622 μὲν
711 1537 937 1622 ἐκπολιορκεῖν
958 1537 1069 1602 αὐτῶν
1085 1540 1159 1614 τὸ2

109 1645 346 1728 στρατόπεδον,
370 1643 522 1728 ἐκωλύθη
543 1643 574 1710 δ’
592 1644 657 1710 ὑπὸ
676 1651 736 1711 τοῦ
755 1645 941 1728 δαιμονίου.
972 1645 1124 1727 προιόντι

37 1750 172 1834 τεοογάρ
201 1749 291 1838 αὐτῷ
318 1746 374 1814 καὶ
400 1751 465 1834 ῆδη
493 1751 593 1836 ἔργον
622 1748 767 1840 ἐχομένῳ
796 1753 895 1836 ζόφος
920 1747 953 1828 ἐξ
977 1748 1125 1836 οὐρανοῦ

107 1859 236 1940 γίνεται
263 1853 319 1921 καὶ
346 1857 469 1941 όμβρος
496 1858 615 1941 πολύς,
648 1853 811 1942 ἀστραπαὶ
839 1852 877 1922 δέ
902 1853 958 1921 καὶ
985 1854 1124 1942 βρονταὶ
1139 1883 1165 1924 ιτ

108 1965 258 2049 σκληραί.
292 1963 589 2047 διασκεδασθείσης
607 1959 644 2028 δὲ
662 1972 720 2048 τῆς
738 1972 891 2049 στρατιᾶς
909 1963 927 2027 ὅ
946 1985 981 2027 τε
999 1964 1123 2048 χειμὼν

107 2067 213 2145 εὐθὺς
236 2065 401 2133 ἐπαύσατο
424 2065 479 2132 καὶ
501 2068 608 2152 πολλῆ
631 2065 765 2153 κατέσχε
789 2071 847 2133 τὸν
870 2069 973 2132 τόπου
997 2070 1123 2152 αἰθρία.

106 2177 207 2240 τοῦτό
229 2197 264 2239 τε
287 2175 329 2259 δῆ
351 2176 390 2240 τὸ
414 2176 514 2259 ἐργου
532 2173 770 2257 ὀττευσάμενος
788 2173 807 2240 ὁ
825 2173 961 2256 ὕπατος,
982 2170 1124 2238 καὶτῶν

106 2280 260 2364 μάντεων
287 2283 485 2346 κωλυόντων
513 2282 561 2345 ἐτι
587 2284 779 2364 πολιορκεῖν
806 2281 844 2344 τὸ
871 2282 1010 2365 χωρίου,
1043 2275 1123 2344 άπο-

104 2383 242 2472 τραπεὶς
268 2388 329 2471 τῆν
351 2395 415 2470 γῆν
438 2387 548 2452 αὐτῶν
571 2384 707 2469 ἐκάκου,
730 2382 786 2450 καὶ
809 2385 870 2471 ὅση
894 2381 1027 2468 ἐπέτυχε
1051 2387 1123 2472 λείῳ
1137 2414 1164 2454 το

106 2503 178 2570 τοις
197 2494 409 2578 στρατιώταις
428 2494 559 2558 άπασαν
578 2493 781 2578 ὠφελεῖσθαι
801 2491 901 2576 ἐφείς,
924 2487 1050 2573 ἀπῆγεν
1069 2487 1118 2555 ἐπ’

106 2605 203 2665 οἴκου
225 2600 287 2684 τῆν
310 2601 464 2683 δύναμιν.
506 2602 646 2689 Τιβερίῳ
666 2596 696 2664 δ’
714 2601 858 2686 Αἰμιλίῳ
882 2595 1038 2675 διεξιόντι
1060 2597 1158 2681 τῆν3

106 2707 270 2788 πολεμίαν
294 2707 357 2770 σὺν
379 2709 486 2790 πολλῆ
509 2706 753 2792 καταφρονήσει
775 2699 845 2768 κατ’
868 2699 970 2788 άρχδς
991 2699 1047 2767 καὶ
1066 2701 1122 2767 οὐ-

107 2807 167 2876 δὲν
197 2812 244 2875 ἐτι
272 2811 501 2895 προσδοκῶντι
529 2809 711 2877 ἀντίπαλον
740 2810 885 2893 ἐπῆλθεν
913 2809 933 2893 ῆ
962 2811 1122 2892 Σαβίνων

107 2917 249 3000 δύναμις
267 2913 322 2981 καὶ
340 2918 466 3000 γίνεται
484 2916 570 3002 μάχη
590 2917 701 2982 αὐτῶν
720 2914 756 2980 ἐκ
774 2913 984 3003 παρατάξεως
1002 2915 1121 3000 μεσού-
1134 2941 1161 2983 τι

106 3039 168 3106 σης
191 3022 331 3107 μάλιστα
353 3030 411 3106 τῆς
430 3019 554 3108 ἡμέρας
572 3018 737 3108 ἀρξαμένη
757 3020 852 3109 μέχρι
871 3023 997 3099 δύσεως
1014 3020 1121 3104 ῆλίου.

179 3255 212 3304 11
237 3247 277 3313 εἰς
294 3249 345 3318 τὴν
364 3248 457 3319 μάχην
474 3247 500 3302 Α
573 3252 606 3301 13
629 3247 757 3317 προιόντι
776 3247 798 3302 Ο
821 3245 966 3316 προσιόντι
985 3262 1007 3300 ο.
1025 3244 1122 3300 Κίεεε-

105 3320 168 3390 ling
233 3325 267 3412 λβ
286 3321 427 3443 οὐρανοθῐχ
443 3317 604 3400 αίθρίονᾼ
664 3323 701 3400 ,18
719 3338 749 3374 τε
769 3317 875 3398 adm
940 3321 972 3370 19
993 3315 1035 3371 ότι
1055 3318 1121 3370 anto

105 3395 267 3461 πολιορκειυ
285 3391 309 3444 Β
329 3407 382 3448 om.
451 3388 491 3445 ἐτι
509 3408 538 3444 π.
564 3389 686 3443 διετέθητε
696 3389 765 3446 ‚Em.
784 3389 864 3443 D1on.
886 3387 924 3442 111
944 3393 977 3442 29
1086 3393 1121 3442 20

10 3535 11 3538 ,
106 3469 159 3531 ἐῆν
179 3457 209 3528 ἒξ
228 3463 321 3517 αὐτῶν
338 3462 414 3516 ΑΒιι
432 3467 485 3531 γῆν
505 3501 511 3516 .
528 3503 533 3516 .
553 3461 646 3516 αὐτῶν
664 3459 712 3512 Bb

10 3543 11 3552 ἐ
904 3547 960 3601 τι*
