2538 3884
172 164 237 229 306
595 165 762 218 -Θ-

174 326 300 412 ἀγοράν
327 325 547 411 ποιησάμεναι
572 327 689 409 κοινην
712 329 920 411 κατηγόρουν
944 339 1005 394 τοῦ
1032 329 1192 395 Οὐιεντα-

172 442 242 496 νῶν
264 433 398 517 ἔθνους,
421 431 472 497 ὅτι
495 434 554 498 τὸν
576 434 659 518 πρὸς
675 429 855 517 Ῥωμαίους
877 436 1026 518 πόλεμον
1050 434 1092 500 οὐ
1110 438 1193 520 μετά

173 545 286 621 κοινῆς
308 538 442 623 γνώμης
460 539 694 621 κατελύσαντο,
716 536 772 603 καί
791 539 885 604 δυεῖν
902 539 1050 627 θάτερον
1069 539 1193 617 αὐτοὺς

172 643 289 728 ἠξίουν
310 644 477 732 πράττειν,
500 643 520 727 ἢ
544 645 637 710 λύειν
659 646 700 709 τά
722 647 806 729 πρὸς
822 642 1003 730 Ῥωμαίους
1027 646 1255 731 ὁμολογη-Ῑιοι

137 732 276 845 ἱ’ξρθέντα
304 749 324 833 ἢ
352 754 509 834 πολεμεῖν
536 753 630 836 σφίσι
659 748 728 835 μετ’
755 749 901 817 ἐκείνων.
948 751 984 818 οί
1009 748 1048 818 11
1073 753 1193 818 Οὐιεν-

173 855 267 923 τανοὶ
290 865 349 940 τῆς
370 852 432 940 μέν
455 858 589 940 είρήνης
610 858 672 939 τὴν
695 855 843 942 ἀνάγκην
863 853 1018 943 ᾐτιῶντο,
1042 859 1134 936 ὅπως
1157 857 1190 922 θ’

174 962 216 1028 άν
240 961 343 1044 αὐτὴν
365 963 605 1028 καταλύσαιντο
629 961 799 1047 εὐπρεπῶς
822 965 869 1040 είς
892 966 1009 1030 κοινὸν
1034 962 1192 1031 ἐτίθεσαν

175 1079 319 1135 σκοπεῖν.
365 1069 475 1133 ἔπειτα
497 1068 697 1134 ὑποτίθεταί
715 1092 765 1145 τις
787 1069 900 1147 αὐτοῖς
924 1072 1073 1154 ἐγκλημα
1097 1092 1193 1154 ποιη-

175 1171 330 1258 σαμένοις
361 1176 420 1239 τὸν
450 1172 673 1259 ἐπιτειχισμὸν
701 1183 759 1258 τῆς
786 1173 960 1262 Κρεμέρας
990 1175 1048 1241 καὶ
1076 1179 1117 1243 τὸ
1146 1177 1191 1262 μὴ

135 1315 161 1354 10
175 1279 421 1346 ἀπανίστασθαι
452 1283 530 1357 τοὺς
561 1283 730 1366 φρουροὺς
764 1279 818 1345 ἀπ’
851 1281 967 1366 αὐτῆς,
1005 1285 1096 1371 λόγῳ
1129 1280 1192 1366 μὲν

174 1396 306 1470 πρῶτον
330 1385 446 1464 ἀξιοῦν
468 1384 589 1461 αὐτούς
612 1373 760 1451 ἐκλιπεῖν
780 1388 818 1451 τὸ
842 1389 976 1472 χωρίον,
1000 1386 1059 1453 ἐάν
1084 1385 1123 1454 δέ
1147 1390 1191 1473 μὴ

174 1495 332 1576 πείθωσι,
359 1495 549 1575 πολιορκεῖν
576 1492 612 1555 τὸ
639 1491 821 1576 φρούριον,
848 1490 903 1557 καὶ
930 1491 1055 1574 ταύτην
1083 1491 1192 1579 ἀρχὴν

139 1601 377 1683 4ποιησασθαι
400 1606 461 1663 τοῦ
483 1594 638 1680 πολέμου.
674 1606 777 1663 ταῦτα
800 1596 1003 1682 συνθέμενοι
1027 1598 1191 1683 ἀπηλλάτ-

175 1726 273 1770 τοντο
296 1702 332 1768 ἐκ
354 1713 414 1769 τοῦ
438 1706 617 1786 συλλόγου·
640 1701 696 1767 καί
719 1699 787 1786 μετ’
815 1703 856 1769 οὐ
878 1707 964 1771 πολὺ
989 1705 1191 1771 Οὐιεντανοὶ

136 1842 161 1882 15
175 1806 236 1895 μέν
255 1808 505 1886 ἀποστείλαντες
523 1812 701 1896 πρεσβείαν
720 1810 765 1886 ὡς
782 1813 860 1888 τοὺς
876 1814 1025 1895 Φαβίους
1039 1809 1191 1898 ἀπῄτουν
1257 1829 1258 1905 η

175 1912 252 2002 παρ’
278 1914 387 1981 αὐτῶν
416 1917 454 1981 τὸ
484 1915 665 2000 φρούριον,
700 1918 868 2002 Τυρρηνία
899 1912 936 1982 δέ
963 1925 1054 1982 πᾶσα
1081 1911 1125 2000 ἦν
1153 1916 1191 1982 ἐν

174 2033 244 2098 τοῖς
271 2021 395 2098 ὅπλοις.
440 2030 541 2088 ταῦτα
559 2019 711 2105 Ῥωμαῖοι
739 2023 937 2106 αἰσθόμενοι
962 2026 1104 2107 Φαβίων
1131 2024 1191 2087 αὐ-

174 2140 243 2206 τοῖς
270 2127 523 2194 ἐπιστειλάντων
546 2129 695 2211 ἔγνωσαν
718 2125 925 2213 ἀμφοτέρους
948 2127 1192 2213 ἐκπορεύεσθαι
1256 2127 1257 2167 ¹

174 2239 253 2312 τοὺς
275 2234 420 2312 ὑπάτους
443 2231 496 2300 ἐπὶ
517 2235 576 2299 τὸν
598 2235 755 2317 πόλεμον,
778 2236 837 2298 τόν
860 2230 888 2296 τ’
910 2233 974 2297 ἀπὸ
1001 2237 1193 2320 Τυρρηνίας

136 2374 162 2415 20
176 2340 380 2425 ἐπαγόμενον
404 2343 498 2425 σφίσι
521 2337 575 2409 καί
598 2341 658 2404 τὸν
681 2341 728 2405 ἐτι
750 2341 834 2425 πρὸς
853 2339 1089 2418 Οὐολούσκους
1111 2358 1193 2406 συν-
1255 2371 1256 2429 η

139 2454 308 2536 5εστῶτα.
344 2444 492 2531 Ὁράτιος
514 2442 574 2530 μὲν
598 2439 660 2512 οὖν
682 2446 774 2528 άγων
798 2445 859 2511 δύο
882 2445 1030 2529 τάγματα
1049 2444 1106 2512 καὶ
1126 2447 1252 2513 ἀπὸιιοῖ

175 2565 241 2620 τῶν
268 2556 379 2619 ἀλλων
407 2553 588 2637 συμμάχων
615 2554 693 2627 τοὺς
720 2550 855 2627 ἱκανούς
885 2549 1021 2635 ἐξήγαγε
1044 2553 1108 2636 τὴν
1132 2554 1193 2617 θύ-

176 2682 277 2743 ναμιν
300 2657 353 2728 ἐπὶ
373 2658 615 2733 Οὐολούσκους.
652 2659 823 2740 Μενήνιος
846 2651 883 2720 δέ
906 2658 1071 2742 τοσαύτην
1091 2676 1193 2743 στρα-
1254 2643 1255 2691 ί

175 2760 388 2848 τιάνὲτέραν
406 2765 497 2846 άγων
517 2761 569 2828 ἐπὶ
592 2765 785 2848 Ίυρρηνοὺς
804 2763 917 2845 ἔμελλε
935 2769 1109 2828 ποιεῖσθαι
1128 2767 1193 2848 την

137 2901 163 2944 2⁶
178 2867 303 2947 ἔξοδον.
340 2865 671 2954 παρασκευαζομένου
691 2865 720 2933 θ’
745 2867 848 2934 αὐτοῦ
866 2864 921 2932 καὶ
939 2870 1113 2954 τρίβοντος
1130 2873 1193 2936 τὸν
1253 2915 1254 2952 η

249 3085 262 3132 1
282 3076 456 3148 κατηγόρουν
475 3074 610 3146 εστίρθιιω
629 3091 714 3144 supra
732 3072 836 3138 ἔθνους
852 3076 878 3129 Δ
940 3081 972 3130 11
991 3095 1013 3130 π
1031 3085 1104 3132 ῶτιν
1125 3079 1191 3134 add.

174 3149 197 3205 B
281 3155 313 3205 16
336 3149 401 3219 post
419 3147 556 3219 φρούριον
575 3145 605 3200 in
623 3145 646 3198 Β
664 3146 751 3200 verba
769 3147 818 3201 καὶ
835 3146 940 3214 ταύτην
960 3147 1014 3220 άρχ
1033 3167 1050 3201 ν
1069 3147 1193 3216 ποιήσα-
1252 3181 1253 3215 η

175 3225 246 3277 σθαι
265 3237 381 3276 eversu
400 3225 432 3275 12
455 3218 608 3285 iterantur,
632 3217 683 3271 sed
701 3216 797 3270 deleta.
815 3217 880 3270 sunt
897 3223 975 3271 πᾶσα
990 3218 1041 3290 [sss]
1058 3213 1095 3288 ἦν
1115 3215 1147 3274 ἐν
1166 3221 1192 3273 Α

181 3340 211 3400 ’ν
226 3363 279 3402 om.
294 3344 343 3399 Bc
362 3338 398 3414 ἦν
413 3344 464 3400 Cm
555 3347 588 3397 18
607 3339 831 3396 ἀποστειλάντων
851 3338 901 3394 ΑΒ
921 3342 1150 3399 ἀποστειλάντων
1169 3344 1191 3400 0

175 3367 389 3472 ἐπιστειλάντων
408 3414 474 3470 Rois
496 3431 511 3468 ε
585 3419 616 3468 19
636 3410 800 3484 π<ἀλε>μον
819 3411 841 3464 Β
1251 3415 1252 3477 ρ
