2508 3882
179 201 244 265 222
602 205 770 254 -Η-

177 365 243 430 ὑπὸ
271 363 311 428 τά
338 363 507 448 κάμνοντα
530 372 589 446 τῆς
609 364 781 448 φάλαγγος
803 362 963 428 ὑπελθεῖν
986 357 1081 445 μέρη,
1108 363 1174 438 τοὺς

178 467 217 535 δέ
242 471 444 555 τραυματίας
470 468 527 534 καὶ
554 472 633 547 τοὺς
662 468 877 554 ἀπειρηκότας
909 469 1012 534 ὀπίσω
1040 476 1094 550 τῆς
1121 467 1174 551 φά-

177 581 300 659 λαγγος
317 574 459 641 ἀπιέναι.
497 576 532 642 οί
548 572 580 641 δ’
594 574 745 662 Ἕρνικες
764 577 808 653 ὡς
827 578 955 660 ἔμαθον
973 572 1175 657 κινουμένους

178 682 288 747 αὐτῶν
315 685 395 759 τοὺς
423 685 543 767 λόχους
574 690 683 766 φυγῆς
709 677 737 746 τ’
770 683 885 768 ἀρχειν
913 683 991 758 τοὺς
1013 678 1174 764 Ῥωμαίους

177 786 364 873 ὑπέλαβον,
389 785 445 853 καὶ
467 786 791 873 παρακελευσάμενοι
813 786 969 870 ἀλληλοις
991 785 1174 870 ἐμβάλλουσι

176 905 315 972 πυκνοῖς
347 906 417 972 τοῖς
445 897 555 980 λόχοις
582 894 629 970 είς
655 893 696 958 τά
722 894 904 978 κινούμενα
930 904 999 958 τῶν
1026 894 1175 976 πολεμίων

177 999 276 1087 μέρη,
305 999 360 1067 καλ
389 1001 424 1067 οἱ
448 1001 643 1087 ἀκραιφνεῖς
671 1010 739 1064 τῶν
761 997 929 1083 Ῥωμαίων
960 997 1108 1075 ἐπιόντας
1128 996 1174 1061 αύ-

177 1111 256 1184 τοὺς
283 1105 449 1190 δέχονται·
477 1104 533 1172 καλ
559 1100 603 1189 ῆν
630 1100 731 1183 αὖθις
759 1105 790 1185 ἐξ
819 1105 968 1192 ὑπαρχῆς
997 1102 1175 1190 ἀμφοτέρων

178 1210 332 1295 ἐκθύμως
354 1211 608 1298 ἀγωνιζομένων
630 1213 716 1298 μάχη
740 1212 894 1298 καρτερά·
924 1210 981 1277 καλ
1010 1213 1071 1298 γάρ
1092 1208 1173 1292 <καλ>

137 1318 213 1383 10οί
246 1329 313 1383 τῶν
350 1317 510 1406 Ἑρνίκων
549 1318 789 1405 ἐξεπληροῦπο
822 1322 915 1405 λόχοι
947 1330 1020 1396 τοῖς
1051 1317 1174 1402 ἀκμῆσιν

176 1423 465 1511 ὑποπεμπομένοις
491 1426 538 1502 είς
567 1426 607 1490 τδ
637 1425 806 1510 κάμνοντα
829 1425 893 1491 ὑπὸ
918 1435 987 1490 τῶν
1011 1425 1173 1510 ἡγεμόνων.

140 1540 162 1602 4
177 1531 289 1617 ἐπειδη
308 1529 347 1597 δὲ
365 1529 440 1617 περὶ
459 1533 573 1615 δείλην
592 1531 693 1610 ὀψίαν
711 1526 755 1615 ῆν
772 1533 849 1615 ῆδη,
867 1514 1096 1617 παρακαλέσας
1111 1532 1223 1604 τοὺςιειι

178 1639 284 1715 ίππεῑς
307 1638 326 1704 δ
348 1638 472 1714 ὕπατος
493 1635 571 1703 νυνὶ
594 1637 681 1721 (δὴ)
700 1638 825 1723 ἄνδρας
848 1637 1003 1722 ἀγαθοὺς
1024 1635 1175 1722 γενέσθαι,

176 1741 331 1826 ἐμβάλλει
358 1754 428 1819 τοῖς
453 1745 624 1827 πολεμίοις
655 1744 737 1808 κατὰ
765 1745 801 1808 τὸ
831 1741 942 1822 δεξιὸν
968 1743 1067 1830 κέρας
1092 1741 1175 1815 αὐτὸς
1230 1801 1231 1816 ,

136 1871 161 1912 ιι
175 1847 360 1931 ἡγούμενος
382 1856 439 1930 τῆς
463 1853 542 1931 ίλης.
567 1843 625 1913 ὀί
641 1844 671 1913 δ’
696 1848 811 1933 ὀλίγον
830 1851 903 1916 τινδι
923 1847 1094 1934 δεξάμενοι
1111 1848 1174 1934 χρό-

174 1977 237 2018 νον
268 1952 389 2030 αὐτούς
421 1952 628 2039 ἐγκλίνουσι,
659 1952 715 2019 καὶ
748 1959 874 2039 γίνεται
905 1958 1012 2040 φόνος
1045 1954 1174 2021 ἐνταῦθα

174 2059 287 2136 πολύς.
332 2061 369 2125 τὸ
393 2056 455 2144 μὲν
478 2054 542 2126 οὑν
561 2059 670 2140 δεξιὸν
689 2073 757 2127 τῶν
774 2060 937 2149 Ἑρνίκων
958 2061 1057 2149 κέρας
1079 2060 1174 2126 ἐπόνει

175 2163 202 2230 τ’
233 2167 297 2250 ῆδη
328 2164 384 2231 καλ
412 2165 554 2245 ἐξέλειπε
581 2169 643 2252 τῆν
672 2166 780 2252 τάξιν,
811 2171 848 2234 τὸ
877 2166 907 2233 δ’
939 2169 1111 2253 εὐώνυμον
1135 2166 1174 2229 ἐτι
1229 2201 1230 2250 3

175 2271 302 2357 ἀντεῖχε
325 2271 380 2337 καὶ
403 2282 522 2360 περιῆν
548 2283 609 2339 τοῦ
627 2271 796 2358 Ῥωμαίων
825 2273 949 2352 δεξιοῦ·
978 2274 1049 2360 μετ’
1074 2274 1174 2356 ὀλίγον
1229 2255 1230 2327 λ

135 2367 287 2480 ,ἷχμέντοι
310 2377 365 2443 καὶ
384 2378 474 2446 τοῦτ’
488 2379 666 2447 ἐνέδωκεν.
713 2380 732 2446 ὁ
751 2382 813 2465 γάρ
830 2377 1002 2458 Ἀκύλλιος
1023 2381 1100 2456 τοὺς
1115 2376 1174 2462 ἀρί-

174 2502 273 2563 στους
300 2496 367 2550 τῶν
390 2484 477 2552 νέων
500 2485 704 2572 ἐπαγόμενος
730 2489 935 2572 παρεβοήθει
963 2487 1059 2552 κάκεῖ
1085 2505 1175 2569 παρα-

173 2592 356 2677 θαρρύνων
378 2615 413 2656 τε
436 2591 491 2657 καὶ
518 2591 553 2670 ἐξ
581 2593 742 2678 ὀνόματος
768 2591 943 2658 ἀνακαλῶν
966 2596 1045 2670 τοὺς
1070 2590 1175 2657 είωδό-
1228 2651 1229 2670 χ

174 2719 231 2772 τας
254 2695 290 2760 έν
313 2707 385 2772 ταῖς
406 2696 487 2782 πρὶν
509 2697 697 2783 ἀριστεύειν
719 2698 850 2784 μάχαις,
872 2699 912 2764 τά
930 2723 964 2764 τε
986 2709 1102 2785 σημεῖα
1118 2705 1175 2761 τῶν
1228 2689 1229 2735 λ

174 2802 295 2883 λόχων,
323 2799 396 2865 ὅσοι
419 2802 463 2885 μῆ
488 2801 682 2888 ἐρρωμένως
705 2803 847 2870 ἐδόκουν
869 2805 1073 2890 ἀμύνεσθαι,
1097 2800 1175 2884 παρὰ

134 2934 160 2974 ει
174 2915 241 2970 τῶν
269 2909 501 2992 σημειοφόρων
529 2906 683 2992 ἁρπάζων
712 2912 760 2987 είς
792 2909 913 2995 μέσους
940 2911 1083 2999 ἐρρίπτει
1106 2909 1175 2980 τοὺς

173 3011 363 3095 πολεμίους,
391 3011 447 3076 ἵνα
469 3015 507 3077 τὸ
531 3011 606 3091 δέος
629 3013 750 3093 αὐτούς
772 3025 830 3100 τῆς
853 3017 996 3102 ἐννόμου
1019 3016 1175 3100 τιμωρίας,

173 3121 205 3184 εί
226 3119 271 3204 μῆ
290 3114 519 3186 ἀνασώσαιντο
538 3121 596 3198 τάς
615 3114 766 3206 σημαίας,
788 3124 914 3210 ἀνδρας
932 3122 1081 3206 ἀγαθούς
1097 3113 1174 3184 εἶναι

244 3321 259 3368 3
280 3314 397 3368 ἀπεῖναι
416 3313 468 3366 ΑΒ
563 3320 579 3368 9
598 3313 646 3367 καλ
666 3313 730 3369 add.
749 3312 855 3368 Reiske
951 3322 983 3369 13
1003 3314 1070 3369 νυνί
1083 3330 1113 3381 γε
1133 3305 1174 3362 vel

171 3384 433 3508 μμῆῆβῆὸγλὺυις
518 3391 551 3440 19
567 3383 704 3455 Ῥωμαίου
725 3383 746 3438 0
767 3401 835 3440 corr.
856 3384 977 3455 Sylburg
1060 3390 1092 3438 22
1111 3381 1174 3434 άπυ-
1226 3483 1227 3506 ¹
