<?xml version="1.0" encoding="UTF-8"?>
<!DOCTYPE html PUBLIC "-//W3C//DTD XHTML 1.0 Transitional//EN"
    "http://www.w3.org/TR/xhtml1/DTD/xhtml1-transitional.dtd">
<html xmlns="http://www.w3.org/1999/xhtml" xml:lang="en" lang="en">
 <head>
  <title>
</title>
<meta http-equiv="Content-Type" content="text/html;charset=utf-8" />
  <meta name='ocr-system' content='tesseract 3.04.00' />
  <meta name='ocr-capabilities' content='ocr_page ocr_carea ocr_par ocr_line ocrx_word'/>
</head>
<body>
  <div class='ocr_page' id='page_1' title='image "./antiquitatumrom02jacogoog_0400.png"; bbox 0 0 2538 3884; ppageno 0'>
   <div class='ocr_carea' id='block_1_1' title="bbox 508 175 1098 241">
    <p class='ocr_par' dir='ltr' id='par_1_1' title="bbox 508 175 1098 241">
     <span class='ocr_line' id='line_1_1' title="bbox 508 175 1098 241; baseline 0 -1"><span class='ocrx_word' id='word_1_1' title='bbox 508 179 674 232; x_wconf 83' lang='grc' dir='ltr'><strong><em>-Θ-</em></strong></span> <span class='ocrx_word' id='word_1_2' title='bbox 1032 175 1098 241; x_wconf 85' lang='grc'><strong><em>369</em></strong></span> 
     </span>
    </p>
   </div>
   <div class='ocr_carea' id='block_1_2' title="bbox 19 335 1260 3187">
    <p class='ocr_par' dir='ltr' id='par_1_2' title="bbox 75 335 1138 1276">
     <span class='ocr_line' id='line_1_2' title="bbox 76 335 1133 427; baseline 0.001 -24"><span class='ocrx_word' id='word_1_3' title='bbox 76 339 222 426; x_wconf 82' lang='grc' dir='ltr'><strong><em>ἰσχυράς</em></strong></span> <span class='ocrx_word' id='word_1_4' title='bbox 251 343 396 425; x_wconf 79' lang='grc' dir='ltr'><strong><em>λαβόντα</em></strong></span> <span class='ocrx_word' id='word_1_5' title='bbox 426 339 462 406; x_wconf 89' lang='grc' dir='ltr'><strong><em>έκ</em></strong></span> <span class='ocrx_word' id='word_1_6' title='bbox 491 340 631 427; x_wconf 85' lang='grc' dir='ltr'><strong><em>βάθρων</em></strong></span> <span class='ocrx_word' id='word_1_7' title='bbox 661 335 827 427; x_wconf 82' lang='grc' dir='ltr'><strong><em>ἀνέτρεήιε.</em></strong></span> <span class='ocrx_word' id='word_1_8' title='bbox 878 338 974 405; x_wconf 87' lang='grc' dir='ltr'><strong><em>ταῦθ’</em></strong></span> <span class='ocrx_word' id='word_1_9' title='bbox 1007 340 1133 425; x_wconf 79' lang='grc' dir='ltr'><strong><em>ὑμίυ,7</em></strong></span> 
     </span>
     <span class='ocr_line' id='line_1_3' title="bbox 76 440 1099 533; baseline 0.001 -23"><span class='ocrx_word' id='word_1_10' title='bbox 76 440 107 510; x_wconf 82' lang='grc' dir='ltr'>ὦ</span> <span class='ocrx_word' id='word_1_11' title='bbox 136 448 261 531; x_wconf 89' lang='grc' dir='ltr'><strong><em>βουλή,</em></strong></span> <span class='ocrx_word' id='word_1_12' title='bbox 289 443 354 512; x_wconf 67' lang='grc' dir='ltr'><strong><em>εὖθ’</em></strong></span> <span class='ocrx_word' id='word_1_13' title='bbox 380 445 463 530; x_wconf 89' lang='grc' dir='ltr'><strong><em>ἡδέα</em></strong></span> <span class='ocrx_word' id='word_1_14' title='bbox 491 445 581 512; x_wconf 79' lang='grc' dir='ltr'><strong><em>ἐστὶν</em></strong></span> <span class='ocrx_word' id='word_1_15' title='bbox 609 445 744 512; x_wconf 82' lang='grc' dir='ltr'><em>ἀκούειν</em></span> <span class='ocrx_word' id='word_1_16' title='bbox 770 443 828 513; x_wconf 85' lang='grc' dir='ltr'><strong><em>είτ’</em></strong></span> <span class='ocrx_word' id='word_1_17' title='bbox 856 445 992 533; x_wconf 88' lang='grc' dir='ltr'><strong><em>ἀνιαρά,</em></strong></span> <span class='ocrx_word' id='word_1_18' title='bbox 1019 447 1099 532; x_wconf 82' lang='grc' dir='ltr'><strong><em>μετά</em></strong></span> 
     </span>
     <span class='ocr_line' id='line_1_4' title="bbox 75 549 1100 639; baseline 0.002 -24"><span class='ocrx_word' id='word_1_19' title='bbox 75 551 191 636; x_wconf 80' lang='grc' dir='ltr'><em>πάσης</em></span> <span class='ocrx_word' id='word_1_20' title='bbox 219 551 377 635; x_wconf 76' lang='grc' dir='ltr'><strong><em>ἀληθείας</em></strong></span> <span class='ocrx_word' id='word_1_21' title='bbox 399 550 455 618; x_wconf 82' lang='grc' dir='ltr'><strong><em>καὶ</em></strong></span> <span class='ocrx_word' id='word_1_22' title='bbox 477 556 663 639; x_wconf 75' lang='grc' dir='ltr'><strong><em>παρρησίας</em></strong></span> <span class='ocrx_word' id='word_1_23' title='bbox 685 559 827 639; x_wconf 81' lang='grc' dir='ltr'><strong><em>εἴρηται,</em></strong></span> <span class='ocrx_word' id='word_1_24' title='bbox 854 564 924 630; x_wconf 70' lang='grc' dir='ltr'><strong><em>τοῖς</em></strong></span> <span class='ocrx_word' id='word_1_25' title='bbox 946 549 1008 637; x_wconf 74' lang='grc' dir='ltr'><strong><em>μέν</em></strong></span> <span class='ocrx_word' id='word_1_26' title='bbox 1029 575 1100 619; x_wconf 89' lang='grc' dir='ltr'><strong><em>πει-</em></strong></span> 
     </span>
     <span class='ocr_line' id='line_1_5' title="bbox 77 656 1099 745; baseline 0 -23"><span class='ocrx_word' id='word_1_27' title='bbox 77 656 308 742; x_wconf 89' lang='grc' dir='ltr'><strong><em>σθησομένοις</em></strong></span> <span class='ocrx_word' id='word_1_28' title='bbox 325 658 431 742; x_wconf 81' lang='grc' dir='ltr'><strong><em>ὑμῶν,</em></strong></span> <span class='ocrx_word' id='word_1_29' title='bbox 451 656 508 724; x_wconf 86' lang='grc' dir='ltr'><strong><em>έάν</em></strong></span> <span class='ocrx_word' id='word_1_30' title='bbox 527 659 592 745; x_wconf 87' lang='grc' dir='ltr'><strong><em>άρα</em></strong></span> <span class='ocrx_word' id='word_1_31' title='bbox 610 665 781 743; x_wconf 81' lang='grc' dir='ltr'><strong><em>πεισθῆτε,</em></strong></span> <span class='ocrx_word' id='word_1_32' title='bbox 800 661 837 724; x_wconf 80' lang='grc' dir='ltr'><strong><em>έν</em></strong></span> <span class='ocrx_word' id='word_1_33' title='bbox 851 681 885 724; x_wconf 89' lang='grc' dir='ltr'><strong><em>τε</em></strong></span> <span class='ocrx_word' id='word_1_34' title='bbox 900 668 945 745; x_wconf 76' lang='grc' dir='ltr'><strong><em>τῷ</em></strong></span> <span class='ocrx_word' id='word_1_35' title='bbox 959 661 1099 743; x_wconf 79' lang='grc' dir='ltr'><strong><em>παρόντι</em></strong></span> 
     </span>
     <span class='ocr_line' id='line_1_6' title="bbox 77 760 1138 851; baseline -0.005 -22"><span class='ocrx_word' id='word_1_36' title='bbox 77 767 228 850; x_wconf 87' lang='grc' dir='ltr'><strong><em>χρήσιμα</em></strong></span> <span class='ocrx_word' id='word_1_37' title='bbox 250 761 305 830; x_wconf 83' lang='grc' dir='ltr'><strong><em>καὶ</em></strong></span> <span class='ocrx_word' id='word_1_38' title='bbox 328 765 375 841; x_wconf 86' lang='grc' dir='ltr'><strong><em>είς</em></strong></span> <span class='ocrx_word' id='word_1_39' title='bbox 397 766 435 830; x_wconf 92' lang='grc' dir='ltr'><strong><em>τὸ</em></strong></span> <span class='ocrx_word' id='word_1_40' title='bbox 458 762 581 850; x_wconf 77' lang='grc' dir='ltr'><strong><em>μέλλον</em></strong></span> <span class='ocrx_word' id='word_1_41' title='bbox 605 764 751 851; x_wconf 79' lang='grc' dir='ltr'><strong><em>ἀσφαλῆ·</em></strong></span> <span class='ocrx_word' id='word_1_42' title='bbox 785 762 858 849; x_wconf 82' lang='grc' dir='ltr'><strong><em>έμοὶ</em></strong></span> <span class='ocrx_word' id='word_1_43' title='bbox 882 761 929 849; x_wconf 90' lang='grc' dir='ltr'><strong><em>δ’,</em></strong></span> <span class='ocrx_word' id='word_1_44' title='bbox 956 764 993 841; x_wconf 79' lang='grc' dir='ltr'><strong><em>ὃς</em></strong></span> <span class='ocrx_word' id='word_1_45' title='bbox 1015 760 1098 851; x_wconf 68' lang='grc' dir='ltr'><strong><em>ὑπὲρ</em></strong></span> <span class='ocrx_word' id='word_1_46' title='bbox 1124 784 1138 824; x_wconf 80' lang='grc' dir='ltr'><strong><em>ε</em></strong></span> 
     </span>
     <span class='ocr_line' id='line_1_7' title="bbox 77 868 1100 957; baseline 0 -22"><span class='ocrx_word' id='word_1_47' title='bbox 77 881 142 937; x_wconf 91' lang='grc' dir='ltr'><strong><em>τοῦ</em></strong></span> <span class='ocrx_word' id='word_1_48' title='bbox 176 880 271 955; x_wconf 77' lang='grc' dir='ltr'><strong><em>κοινή</em></strong></span> <span class='ocrx_word' id='word_1_49' title='bbox 306 868 533 957; x_wconf 81' lang='grc' dir='ltr'><strong><em>συμφέροντος</em></strong></span> <span class='ocrx_word' id='word_1_50' title='bbox 565 872 651 948; x_wconf 83' lang='grc' dir='ltr'><strong><em>ἰδίας</em></strong></span> <span class='ocrx_word' id='word_1_51' title='bbox 680 871 858 957; x_wconf 79' lang='grc' dir='ltr'><strong><em>ἀπεχθείας</em></strong></span> <span class='ocrx_word' id='word_1_52' title='bbox 887 870 1100 957; x_wconf 84' lang='grc' dir='ltr'><strong><em>ἀναιροῦμαι,</em></strong></span> 
     </span>
     <span class='ocr_line' id='line_1_8' title="bbox 77 975 1100 1064; baseline 0.001 -23"><span class='ocrx_word' id='word_1_53' title='bbox 77 982 217 1043; x_wconf 80' lang='grc' dir='ltr'><strong><em>πολλῶν</em></strong></span> <span class='ocrx_word' id='word_1_54' title='bbox 240 975 381 1062; x_wconf 87' lang='grc' dir='ltr'><strong><em>έσόμευα</em></strong></span> <span class='ocrx_word' id='word_1_55' title='bbox 403 978 574 1044; x_wconf 74' lang='grc' dir='ltr'><strong><em>κινδύνοιν</em></strong></span> <span class='ocrx_word' id='word_1_56' title='bbox 598 984 694 1043; x_wconf 84' lang='grc' dir='ltr'><strong><em>αίτια.</em></strong></span> <span class='ocrx_word' id='word_1_57' title='bbox 731 986 881 1064; x_wconf 81' lang='grc' dir='ltr'><strong><em>προορᾶν</em></strong></span> <span class='ocrx_word' id='word_1_58' title='bbox 904 979 967 1063; x_wconf 87' lang='grc' dir='ltr'><strong><em>γάρ</em></strong></span> <span class='ocrx_word' id='word_1_59' title='bbox 988 978 1100 1054; x_wconf 89' lang='grc' dir='ltr'><strong><em>ίκανός</em></strong></span> 
     </span>
     <span class='ocr_line' id='line_1_9' title="bbox 77 1082 1099 1171; baseline 0.001 -24"><span class='ocrx_word' id='word_1_60' title='bbox 77 1084 151 1167; x_wconf 89' lang='grc' dir='ltr'><strong><em>είμι</em></strong></span> <span class='ocrx_word' id='word_1_61' title='bbox 178 1084 219 1148; x_wconf 87' lang='grc' dir='ltr'><strong><em>τά</em></strong></span> <span class='ocrx_word' id='word_1_62' title='bbox 247 1087 484 1168; x_wconf 80' lang='grc' dir='ltr'><strong><em>συμβησόμενα</em></strong></span> <span class='ocrx_word' id='word_1_63' title='bbox 507 1083 543 1150; x_wconf 76' lang='grc' dir='ltr'><strong><em>ἐκ</em></strong></span> <span class='ocrx_word' id='word_1_64' title='bbox 566 1090 745 1170; x_wconf 83' lang='grc' dir='ltr'><strong><em>λογισμοῦ,</em></strong></span> <span class='ocrx_word' id='word_1_65' title='bbox 772 1082 827 1150; x_wconf 83' lang='grc' dir='ltr'><strong><em>καί</em></strong></span> <span class='ocrx_word' id='word_1_66' title='bbox 850 1086 1099 1171; x_wconf 87' lang='grc' dir='ltr'><strong><em>παραδείγματα</em></strong></span> 
     </span>
     <span class='ocr_line' id='line_1_10' title="bbox 78 1189 823 1276; baseline 0.004 -23"><span class='ocrx_word' id='word_1_67' title='bbox 78 1200 243 1274; x_wconf 86' lang='grc' dir='ltr'><strong><em>ποιοῦμαι</em></strong></span> <span class='ocrx_word' id='word_1_68' title='bbox 265 1189 441 1276; x_wconf 87' lang='grc' dir='ltr'><strong><em>τάλλότρια</em></strong></span> <span class='ocrx_word' id='word_1_69' title='bbox 464 1190 555 1275; x_wconf 87' lang='grc' dir='ltr'><strong><em>πάθη</em></strong></span> <span class='ocrx_word' id='word_1_70' title='bbox 579 1201 647 1256; x_wconf 81' lang='grc' dir='ltr'><strong><em>τῶν</em></strong></span> <span class='ocrx_word' id='word_1_71' title='bbox 670 1190 823 1275; x_wconf 80' lang='grc' dir='ltr'><strong><em>ἐμαυτοῦ.</em></strong></span> 
     </span>
    </p>

    <p class='ocr_par' dir='ltr' id='par_1_3' title="bbox 80 1290 1141 1701">
     <span class='ocr_line' id='line_1_11' title="bbox 149 1290 1141 1372; baseline 0.006 -15"><span class='ocrx_word' id='word_1_72' title='bbox 149 1293 257 1358; x_wconf 90' lang='lat' dir='ltr'><strong>LIIII.</strong></span> <span class='ocrx_word' id='word_1_73' title='bbox 294 1290 391 1360; x_wconf 85' lang='grc' dir='ltr'><strong><em>Ταῦτ’</em></strong></span> <span class='ocrx_word' id='word_1_74' title='bbox 414 1296 565 1372; x_wconf 85' lang='grc' dir='ltr'><strong><em>εἰπόντος</em></strong></span> <span class='ocrx_word' id='word_1_75' title='bbox 580 1291 719 1361; x_wconf 81' lang='grc' dir='ltr'><strong><em>Ἀππίου</em></strong></span> <span class='ocrx_word' id='word_1_76' title='bbox 742 1292 881 1361; x_wconf 80' lang='grc' dir='ltr'><strong><em>καὶτῶν</em></strong></span> <span class='ocrx_word' id='word_1_77' title='bbox 900 1297 1011 1363; x_wconf 84' lang='grc' dir='ltr'><strong><em>άλλιον</em></strong></span> <span class='ocrx_word' id='word_1_78' title='bbox 1031 1297 1099 1362; x_wconf 90' lang='grc' dir='ltr'><strong><em>όλί-</em></strong></span> <span class='ocrx_word' id='word_1_79' title='bbox 1114 1315 1141 1354; x_wconf 86' lang='lat'><strong><em>1⁰</em></strong></span> 
     </span>
     <span class='ocr_line' id='line_1_12' title="bbox 80 1400 1098 1488; baseline 0.003 -22"><span class='ocrx_word' id='word_1_80' title='bbox 80 1423 146 1483; x_wconf 89' lang='grc' dir='ltr'><strong><em>γον</em></strong></span> <span class='ocrx_word' id='word_1_81' title='bbox 171 1401 244 1466; x_wconf 83' lang='grc' dir='ltr'><strong><em>δείν</em></strong></span> <span class='ocrx_word' id='word_1_82' title='bbox 265 1400 399 1465; x_wconf 83' lang='grc' dir='ltr'><strong><em>πάντων</em></strong></span> <span class='ocrx_word' id='word_1_83' title='bbox 422 1402 482 1484; x_wconf 87' lang='grc' dir='ltr'><strong><em>τήν</em></strong></span> <span class='ocrx_word' id='word_1_84' title='bbox 505 1401 611 1486; x_wconf 86' lang='grc' dir='ltr'><strong><em>αὐτήν</em></strong></span> <span class='ocrx_word' id='word_1_85' title='bbox 633 1403 769 1486; x_wconf 79' lang='grc' dir='ltr'><strong><em>γνώμην</em></strong></span> <span class='ocrx_word' id='word_1_86' title='bbox 792 1400 1059 1488; x_wconf 85' lang='grc' dir='ltr'><strong><em>ἀποφηναμένων</em></strong></span> <span class='ocrx_word' id='word_1_87' title='bbox 1077 1403 1098 1486; x_wconf 94' lang='grc' dir='ltr'><strong><em>ἡ</em></strong></span> 
     </span>
     <span class='ocr_line' id='line_1_13' title="bbox 80 1503 1100 1595; baseline 0.001 -22"><span class='ocrx_word' id='word_1_88' title='bbox 80 1503 145 1590; x_wconf 73' lang='grc' dir='ltr'><strong><em>μὲν</em></strong></span> <span class='ocrx_word' id='word_1_89' title='bbox 168 1509 275 1592; x_wconf 92' lang='grc' dir='ltr'><strong><em>βουλὴ</em></strong></span> <span class='ocrx_word' id='word_1_90' title='bbox 298 1508 455 1573; x_wconf 90' lang='grc' dir='ltr'><strong><em>διελύετο.</em></strong></span> <span class='ocrx_word' id='word_1_91' title='bbox 489 1509 524 1574; x_wconf 89' lang='grc' dir='ltr'><strong><em>οί</em></strong></span> <span class='ocrx_word' id='word_1_92' title='bbox 545 1505 582 1574; x_wconf 73' lang='grc' dir='ltr'><strong><em>δὲ</em></strong></span> <span class='ocrx_word' id='word_1_93' title='bbox 606 1509 768 1593; x_wconf 88' lang='grc' dir='ltr'><strong><em>δήμαρχοι</em></strong></span> <span class='ocrx_word' id='word_1_94' title='bbox 788 1505 832 1573; x_wconf 89' lang='grc' dir='ltr'><strong><em>δι’</em></strong></span> <span class='ocrx_word' id='word_1_95' title='bbox 851 1509 951 1595; x_wconf 86' lang='grc' dir='ltr'><strong><em>όργής</em></strong></span> <span class='ocrx_word' id='word_1_96' title='bbox 969 1511 1100 1594; x_wconf 84' lang='grc' dir='ltr'><strong><em>ἔχοντες</em></strong></span> 
     </span>
     <span class='ocr_line' id='line_1_14' title="bbox 80 1610 1100 1701; baseline 0.003 -23"><span class='ocrx_word' id='word_1_97' title='bbox 80 1613 144 1696; x_wconf 87' lang='grc' dir='ltr'><strong><em>τήν</em></strong></span> <span class='ocrx_word' id='word_1_98' title='bbox 163 1612 347 1699; x_wconf 78' lang='grc' dir='ltr'><strong><em>ἀποτυχίαν</em></strong></span> <span class='ocrx_word' id='word_1_99' title='bbox 365 1610 515 1701; x_wconf 80' lang='grc' dir='ltr'><strong><em>ἀπῄεσαν</em></strong></span> <span class='ocrx_word' id='word_1_100' title='bbox 533 1611 588 1680; x_wconf 83' lang='grc' dir='ltr'><strong><em>καὶ</em></strong></span> <span class='ocrx_word' id='word_1_101' title='bbox 607 1617 687 1700; x_wconf 84' lang='grc' dir='ltr'><strong><em>μετὰ</em></strong></span> <span class='ocrx_word' id='word_1_102' title='bbox 704 1613 794 1681; x_wconf 90' lang='grc' dir='ltr'><strong><em>τοῦτ’</em></strong></span> <span class='ocrx_word' id='word_1_103' title='bbox 814 1614 988 1701; x_wconf 86' lang='grc' dir='ltr'><strong><em>ἐσκόπουν,</em></strong></span> <span class='ocrx_word' id='word_1_104' title='bbox 1011 1616 1100 1694; x_wconf 84' lang='grc' dir='ltr'><strong><em>ὅπως</em></strong></span> 
     </span>
    </p>

    <p class='ocr_par' dir='ltr' id='par_1_4' title="bbox 19 1714 1260 3187">
     <span class='ocr_line' id='line_1_15' title="bbox 19 1714 1100 1806; baseline 0.006 -24"><span class='ocrx_word' id='word_1_105' title='bbox 19 1722 329 1806; x_wconf 72' lang='grc' dir='ltr'><strong><em>ιεῦετιμιορήσουται</em></strong></span> <span class='ocrx_word' id='word_1_106' title='bbox 363 1721 422 1785; x_wconf 90' lang='grc' dir='ltr'><strong><em>τὸν</em></strong></span> <span class='ocrx_word' id='word_1_107' title='bbox 452 1721 574 1806; x_wconf 84' lang='grc' dir='ltr'><strong><em>ἀνδρα·</em></strong></span> <span class='ocrx_word' id='word_1_108' title='bbox 616 1718 731 1798; x_wconf 80' lang='grc' dir='ltr'><strong><em>ἔδοξεν</em></strong></span> <span class='ocrx_word' id='word_1_109' title='bbox 760 1714 823 1787; x_wconf 82' lang='grc' dir='ltr'><strong><em>οὖν</em></strong></span> <span class='ocrx_word' id='word_1_110' title='bbox 852 1721 965 1800; x_wconf 82' lang='grc' dir='ltr'><strong><em>αὐτοῖς</em></strong></span> <span class='ocrx_word' id='word_1_111' title='bbox 993 1723 1100 1788; x_wconf 85' lang='grc' dir='ltr'><strong><em>πολλά</em></strong></span> 
     </span>
     <span class='ocr_line' id='line_1_16' title="bbox 83 1823 1141 1912; baseline 0.003 -22"><span class='ocrx_word' id='word_1_112' title='bbox 83 1823 368 1910; x_wconf 83' lang='grc' dir='ltr'><strong><em>βουλευσαμένοις</em></strong></span> <span class='ocrx_word' id='word_1_113' title='bbox 395 1827 471 1912; x_wconf 89' lang='grc' dir='ltr'><strong><em>δίκη</em></strong></span> <span class='ocrx_word' id='word_1_114' title='bbox 499 1827 558 1892; x_wconf 88' lang='grc' dir='ltr'><strong><em>τὸν</em></strong></span> <span class='ocrx_word' id='word_1_115' title='bbox 577 1824 720 1892; x_wconf 71' lang='grc' dir='ltr'><strong><em>Ἄππιον</em></strong></span> <span class='ocrx_word' id='word_1_116' title='bbox 743 1827 927 1911; x_wconf 79' lang='grc' dir='ltr'><strong><em>ὑπαγαγεῖν</em></strong></span> <span class='ocrx_word' id='word_1_117' title='bbox 950 1828 1100 1895; x_wconf 86' lang='grc' dir='ltr'><strong><em>θάνατον</em></strong></span> <span class='ocrx_word' id='word_1_118' title='bbox 1115 1844 1141 1886; x_wconf 82' lang='lat'><strong><em>1⁵</em></strong></span> 
     </span>
     <span class='ocr_line' id='line_1_17' title="bbox 83 1926 1100 2022; baseline 0.003 -24"><span class='ocrx_word' id='word_1_119' title='bbox 83 1931 206 2018; x_wconf 86' lang='grc' dir='ltr'><strong><em>έχούση</em></strong></span> <span class='ocrx_word' id='word_1_120' title='bbox 234 1934 271 1998; x_wconf 89' lang='grc' dir='ltr'><strong><em>τὸ</em></strong></span> <span class='ocrx_word' id='word_1_121' title='bbox 299 1935 431 2016; x_wconf 88' lang='grc' dir='ltr'><strong><em>τίμημα.</em></strong></span> <span class='ocrx_word' id='word_1_122' title='bbox 481 1929 537 1997; x_wconf 83' lang='grc' dir='ltr'><strong><em>καί</em></strong></span> <span class='ocrx_word' id='word_1_123' title='bbox 564 1933 645 2016; x_wconf 89' lang='grc' dir='ltr'><strong><em>μετά</em></strong></span> <span class='ocrx_word' id='word_1_124' title='bbox 672 1926 763 1998; x_wconf 87' lang='grc' dir='ltr'><strong><em>ταῦτ’</em></strong></span> <span class='ocrx_word' id='word_1_125' title='bbox 793 1932 829 1999; x_wconf 85' lang='grc' dir='ltr'><strong><em>έν</em></strong></span> <span class='ocrx_word' id='word_1_126' title='bbox 858 1932 1014 2022; x_wconf 82' lang='grc' dir='ltr'><strong><em>έκκλησίμ</em></strong></span> <span class='ocrx_word' id='word_1_127' title='bbox 1040 1945 1100 2002; x_wconf 86' lang='grc' dir='ltr'><strong><em>τοῦ</em></strong></span> 
     </span>
     <span class='ocr_line' id='line_1_18' title="bbox 83 2037 1101 2125; baseline 0.004 -23"><span class='ocrx_word' id='word_1_128' title='bbox 83 2037 209 2125; x_wconf 86' lang='grc' dir='ltr'><strong><em>ἀνδρὸς</em></strong></span> <span class='ocrx_word' id='word_1_129' title='bbox 232 2041 515 2123; x_wconf 74' lang='grc' dir='ltr'><strong><em>κατηγορήσαντες</em></strong></span> <span class='ocrx_word' id='word_1_130' title='bbox 536 2040 745 2125; x_wconf 83' lang='grc' dir='ltr'><strong><em>παρεκάλουν</em></strong></span> <span class='ocrx_word' id='word_1_131' title='bbox 767 2040 862 2123; x_wconf 86' lang='grc' dir='ltr'><strong><em>ήκειν</em></strong></span> <span class='ocrx_word' id='word_1_132' title='bbox 884 2042 1030 2118; x_wconf 88' lang='grc' dir='ltr'><strong><em>άπαντας</em></strong></span> <span class='ocrx_word' id='word_1_133' title='bbox 1053 2043 1101 2118; x_wconf 86' lang='grc' dir='ltr'><strong><em>είς</em></strong></span> 
     </span>
     <span class='ocr_line' id='line_1_19' title="bbox 82 2142 1101 2233; baseline 0.001 -23"><span class='ocrx_word' id='word_1_134' title='bbox 82 2147 145 2229; x_wconf 88' lang='grc' dir='ltr'><strong><em>τὴν</em></strong></span> <span class='ocrx_word' id='word_1_135' title='bbox 170 2143 500 2229; x_wconf 75' lang='grc' dir='ltr'><strong><em>ἀποδειχθησομένην</em></strong></span> <span class='ocrx_word' id='word_1_136' title='bbox 522 2142 649 2228; x_wconf 79' lang='grc' dir='ltr'><strong><em>ἡμέραν</em></strong></span> <span class='ocrx_word' id='word_1_137' title='bbox 672 2145 716 2221; x_wconf 82' lang='grc' dir='ltr'><strong><em>ὡς</em></strong></span> <span class='ocrx_word' id='word_1_138' title='bbox 735 2145 922 2222; x_wconf 88' lang='grc' dir='ltr'><strong><em>διοίσοντας</em></strong></span> <span class='ocrx_word' id='word_1_139' title='bbox 939 2142 1023 2233; x_wconf 74' lang='grc' dir='ltr'><strong><em>ὑπέρ</em></strong></span> <span class='ocrx_word' id='word_1_140' title='bbox 1042 2146 1101 2211; x_wconf 88' lang='grc' dir='ltr'><strong><em>αύ-</em></strong></span> 
     </span>
     <span class='ocr_line' id='line_1_20' title="bbox 82 2247 1260 2340; baseline 0.001 -24"><span class='ocrx_word' id='word_1_141' title='bbox 82 2261 145 2317; x_wconf 90' lang='grc' dir='ltr'><strong><em>τοῦ</em></strong></span> <span class='ocrx_word' id='word_1_142' title='bbox 170 2259 293 2335; x_wconf 80' lang='grc' dir='ltr'><strong><em>ψήφου.</em></strong></span> <span class='ocrx_word' id='word_1_143' title='bbox 340 2247 421 2316; x_wconf 62' lang='lat' dir='ltr'><strong><em>&amp;oz</em></strong></span> <span class='ocrx_word' id='word_1_144' title='bbox 443 2261 639 2336; x_wconf 77' lang='grc' dir='ltr'><strong><em>κατηγορεῖν</em></strong></span> <span class='ocrx_word' id='word_1_145' title='bbox 662 2252 816 2334; x_wconf 76' lang='grc' dir='ltr'><strong><em>ἔμελλον,</em></strong></span> <span class='ocrx_word' id='word_1_146' title='bbox 843 2248 932 2316; x_wconf 86' lang='grc' dir='ltr'><strong><em>ταῦτ’</em></strong></span> <span class='ocrx_word' id='word_1_147' title='bbox 960 2247 1016 2335; x_wconf 88' lang='grc' dir='ltr'><strong><em>ἡν·</em></strong></span> <span class='ocrx_word' id='word_1_148' title='bbox 1049 2251 1136 2318; x_wconf 83' lang='grc' dir='ltr'><strong><em>ότι2</em></strong></span> <span class='ocrx_word' id='word_1_149' title='bbox 1259 2337 1260 2340; x_wconf 9' lang='lat'>¹</span> 
     </span>
     <span class='ocr_line' id='line_1_21' title="bbox 83 2355 1143 2443; baseline -0.001 -20"><span class='ocrx_word' id='word_1_150' title='bbox 83 2357 234 2443; x_wconf 83' lang='grc' dir='ltr'><strong><em>πονηράς</em></strong></span> <span class='ocrx_word' id='word_1_151' title='bbox 262 2355 367 2422; x_wconf 89' lang='grc' dir='ltr'><strong><em>έτίθει</em></strong></span> <span class='ocrx_word' id='word_1_152' title='bbox 393 2357 475 2421; x_wconf 87' lang='grc' dir='ltr'><strong><em>κατά</em></strong></span> <span class='ocrx_word' id='word_1_153' title='bbox 502 2366 562 2422; x_wconf 92' lang='grc' dir='ltr'><strong><em>τοῦ</em></strong></span> <span class='ocrx_word' id='word_1_154' title='bbox 590 2358 698 2440; x_wconf 89' lang='grc' dir='ltr'><strong><em>δήμου</em></strong></span> <span class='ocrx_word' id='word_1_155' title='bbox 726 2357 874 2441; x_wconf 84' lang='grc' dir='ltr'><strong><em>γνώμας,</em></strong></span> <span class='ocrx_word' id='word_1_156' title='bbox 901 2355 957 2421; x_wconf 83' lang='grc' dir='ltr'><strong><em>καὶ</em></strong></span> <span class='ocrx_word' id='word_1_157' title='bbox 985 2357 1100 2423; x_wconf 90' lang='grc' dir='ltr'><strong><em>στάσιν</em></strong></span> <span class='ocrx_word' id='word_1_158' title='bbox 1115 2375 1143 2415; x_wconf 75' lang='lat'><strong><em>20</em></strong></span> 
     </span>
     <span class='ocr_line' id='line_1_22' title="bbox 83 2460 1101 2552; baseline 0.002 -24"><span class='ocrx_word' id='word_1_159' title='bbox 83 2465 218 2547; x_wconf 85' lang='grc' dir='ltr'><strong><em>είσὴγεν</em></strong></span> <span class='ocrx_word' id='word_1_160' title='bbox 247 2464 293 2540; x_wconf 90' lang='grc' dir='ltr'><strong><em>είς</em></strong></span> <span class='ocrx_word' id='word_1_161' title='bbox 320 2463 381 2547; x_wconf 88' lang='grc' dir='ltr'><strong><em>τήν</em></strong></span> <span class='ocrx_word' id='word_1_162' title='bbox 409 2466 523 2546; x_wconf 90' lang='grc' dir='ltr'><strong><em>πόλιν,</em></strong></span> <span class='ocrx_word' id='word_1_163' title='bbox 550 2462 606 2528; x_wconf 79' lang='grc' dir='ltr'><strong><em>καὶ</em></strong></span> <span class='ocrx_word' id='word_1_164' title='bbox 628 2463 786 2552; x_wconf 76' lang='grc' dir='ltr'><strong><em>δημάρχῳ</em></strong></span> <span class='ocrx_word' id='word_1_165' title='bbox 809 2473 919 2549; x_wconf 87' lang='grc' dir='ltr'><strong><em>χείρας</em></strong></span> <span class='ocrx_word' id='word_1_166' title='bbox 942 2460 1101 2548; x_wconf 80' lang='grc' dir='ltr'><strong><em>ἐπήνεγκε</em></strong></span> 
     </span>
     <span class='ocr_line' id='line_1_23' title="bbox 85 2567 1101 2655; baseline 0 -21"><span class='ocrx_word' id='word_1_167' title='bbox 85 2570 176 2655; x_wconf 86' lang='grc' dir='ltr'><strong><em>παρὰ</em></strong></span> <span class='ocrx_word' id='word_1_168' title='bbox 195 2570 274 2644; x_wconf 84' lang='grc' dir='ltr'><strong><em>τοὺς</em></strong></span> <span class='ocrx_word' id='word_1_169' title='bbox 293 2568 403 2654; x_wconf 87' lang='grc' dir='ltr'><strong><em>ίεροὺς</em></strong></span> <span class='ocrx_word' id='word_1_170' title='bbox 420 2571 559 2652; x_wconf 89' lang='grc' dir='ltr'><strong><em>νόμους,</em></strong></span> <span class='ocrx_word' id='word_1_171' title='bbox 576 2567 632 2633; x_wconf 85' lang='grc' dir='ltr'><strong><em>καὶ</em></strong></span> <span class='ocrx_word' id='word_1_172' title='bbox 651 2576 804 2652; x_wconf 82' lang='grc' dir='ltr'><strong><em>στρατιᾶς</em></strong></span> <span class='ocrx_word' id='word_1_173' title='bbox 816 2569 1023 2653; x_wconf 90' lang='grc' dir='ltr'><strong><em>ἡγησάμενος</em></strong></span> <span class='ocrx_word' id='word_1_174' title='bbox 1037 2573 1101 2635; x_wconf 86' lang='grc' dir='ltr'><strong><em>σὺν</em></strong></span> 
     </span>
     <span class='ocr_line' id='line_1_24' title="bbox 85 2673 1102 2762; baseline 0 -20"><span class='ocrx_word' id='word_1_175' title='bbox 85 2676 195 2762; x_wconf 81' lang='grc' dir='ltr'><strong><em>βλάβη</em></strong></span> <span class='ocrx_word' id='word_1_176' title='bbox 218 2673 332 2740; x_wconf 79' lang='grc' dir='ltr'><strong><em>τεκαὶ</em></strong></span> <span class='ocrx_word' id='word_1_177' title='bbox 355 2676 496 2762; x_wconf 80' lang='grc' dir='ltr'><strong><em>αἰσχύνη</em></strong></span> <span class='ocrx_word' id='word_1_178' title='bbox 519 2675 644 2762; x_wconf 81' lang='grc' dir='ltr'><strong><em>μεγάλη</em></strong></span> <span class='ocrx_word' id='word_1_179' title='bbox 668 2673 856 2760; x_wconf 77' lang='grc' dir='ltr'><strong><em>ἀνέστρεψε.</em></strong></span> <span class='ocrx_word' id='word_1_180' title='bbox 896 2685 999 2741; x_wconf 87' lang='grc' dir='ltr'><strong><em>ταῦτα</em></strong></span> <span class='ocrx_word' id='word_1_181' title='bbox 1020 2697 1102 2760; x_wconf 89' lang='grc' dir='ltr'><strong><em>προ-</em></strong></span> 
     </span>
     <span class='ocr_line' id='line_1_25' title="bbox 85 2779 1103 2870; baseline 0.002 -24"><span class='ocrx_word' id='word_1_182' title='bbox 85 2785 235 2858; x_wconf 90' lang='grc' dir='ltr'><strong><em>ειπόντες</em></strong></span> <span class='ocrx_word' id='word_1_183' title='bbox 263 2780 299 2846; x_wconf 88' lang='grc' dir='ltr'><strong><em>έν</em></strong></span> <span class='ocrx_word' id='word_1_184' title='bbox 327 2792 372 2870; x_wconf 71' lang='grc' dir='ltr'><strong><em>τῷ</em></strong></span> <span class='ocrx_word' id='word_1_185' title='bbox 399 2784 538 2865; x_wconf 85' lang='grc' dir='ltr'><strong><em>πλήθει,</em></strong></span> <span class='ocrx_word' id='word_1_186' title='bbox 564 2779 620 2846; x_wconf 83' lang='grc' dir='ltr'><strong><em>καί</em></strong></span> <span class='ocrx_word' id='word_1_187' title='bbox 647 2780 752 2867; x_wconf 81' lang='grc' dir='ltr'><strong><em>όητήν</em></strong></span> <span class='ocrx_word' id='word_1_188' title='bbox 774 2803 849 2846; x_wconf 90' lang='grc' dir='ltr'><strong><em>τινα</em></strong></span> <span class='ocrx_word' id='word_1_189' title='bbox 872 2779 1103 2860; x_wconf 79' lang='grc' dir='ltr'><strong><em>ἀποδείξαντες</em></strong></span> 
     </span>
     <span class='ocr_line' id='line_1_26' title="bbox 85 2879 1145 2975; baseline 0 -22"><span class='ocrx_word' id='word_1_190' title='bbox 85 2887 226 2974; x_wconf 78' lang='grc' dir='ltr'><strong><em>ἡμέραν,</em></strong></span> <span class='ocrx_word' id='word_1_191' title='bbox 249 2886 286 2953; x_wconf 85' lang='grc' dir='ltr'><strong><em>έν</em></strong></span> <span class='ocrx_word' id='word_1_192' title='bbox 309 2879 331 2974; x_wconf 78' lang='grc' dir='ltr'><em>ᾗ</em></span> <span class='ocrx_word' id='word_1_193' title='bbox 354 2885 447 2962; x_wconf 84' lang='grc' dir='ltr'><strong><em>τέλος</em></strong></span> <span class='ocrx_word' id='word_1_194' title='bbox 466 2888 596 2971; x_wconf 80' lang='grc' dir='ltr'><strong><em>ἔφησαν</em></strong></span> <span class='ocrx_word' id='word_1_195' title='bbox 615 2886 790 2970; x_wconf 79' lang='grc' dir='ltr'><strong><em>ἐπιθήσειν</em></strong></span> <span class='ocrx_word' id='word_1_196' title='bbox 808 2896 846 2972; x_wconf 74' lang='grc' dir='ltr'><strong><em>τῇ</em></strong></span> <span class='ocrx_word' id='word_1_197' title='bbox 867 2890 955 2975; x_wconf 85' lang='grc' dir='ltr'><strong><em>δίκη,</em></strong></span> <span class='ocrx_word' id='word_1_198' title='bbox 977 2891 1102 2974; x_wconf 89' lang='grc' dir='ltr'><strong><em>παρήγ-</em></strong></span> <span class='ocrx_word' id='word_1_199' title='bbox 1115 2903 1145 2945; x_wconf 78' lang='lat'><strong><em>25</em></strong></span> 
     </span>
     <span class='ocr_line' id='line_1_27' title="bbox 85 2989 1137 3083; baseline 0.002 -24"><span class='ocrx_word' id='word_1_200' title='bbox 85 2998 201 3078; x_wconf 90' lang='grc' dir='ltr'><strong><em>γειλαυ</em></strong></span> <span class='ocrx_word' id='word_1_201' title='bbox 216 2993 304 3081; x_wconf 79' lang='grc' dir='ltr'><strong><em>αύτςό</em></strong></span> <span class='ocrx_word' id='word_1_202' title='bbox 319 3004 472 3076; x_wconf 74' lang='grc' dir='ltr'><strong><em>παρεῖναι</em></strong></span> <span class='ocrx_word' id='word_1_203' title='bbox 485 2989 553 3057; x_wconf 88' lang='grc' dir='ltr'><strong><em>τότ’</em></strong></span> <span class='ocrx_word' id='word_1_204' title='bbox 566 2991 853 3083; x_wconf 78' lang='grc' dir='ltr'><strong><em>ἀπολογησομένῳ.</em></strong></span> <span class='ocrx_word' id='word_1_205' title='bbox 877 2992 1101 3077; x_wconf 89' lang='grc' dir='ltr'><strong><em>άγανακτούν-</em></strong></span> <span class='ocrx_word' id='word_1_206' title='bbox 1116 2997 1137 3061; x_wconf 88' lang='grc'>3</span> 
     </span>
     <span class='ocr_line' id='line_1_28' title="bbox 85 3097 1102 3187; baseline -0.001 -22"><span class='ocrx_word' id='word_1_207' title='bbox 85 3124 153 3166; x_wconf 79' lang='grc' dir='ltr'><strong><em>των</em></strong></span> <span class='ocrx_word' id='word_1_208' title='bbox 178 3098 208 3165; x_wconf 91' lang='grc' dir='ltr'><strong><em>δ’</em></strong></span> <span class='ocrx_word' id='word_1_209' title='bbox 233 3098 477 3165; x_wconf 82' lang='grc' dir='ltr'><strong><em>ἁπάντωντῶν</em></strong></span> <span class='ocrx_word' id='word_1_210' title='bbox 501 3103 683 3187; x_wconf 85' lang='grc' dir='ltr'><strong><em>πατρικίων</em></strong></span> <span class='ocrx_word' id='word_1_211' title='bbox 705 3097 761 3165; x_wconf 84' lang='grc' dir='ltr'><strong><em>καὶ</em></strong></span> <span class='ocrx_word' id='word_1_212' title='bbox 783 3098 1102 3183; x_wconf 85' lang='grc' dir='ltr'><strong><em>παρεσκευασμένων</em></strong></span> 
     </span>
    </p>
   </div>
   <div class='ocr_carea' id='block_1_3' title="bbox 89 3359 1102 3503">
    <p class='ocr_par' dir='ltr' id='par_1_5' title="bbox 89 3359 1102 3503">
     <span class='ocr_line' id='line_1_29' title="bbox 159 3359 1102 3433; baseline -0.002 -15"><span class='ocrx_word' id='word_1_213' title='bbox 159 3370 175 3418; x_wconf 86' lang='grc'>6</span> <span class='ocrx_word' id='word_1_214' title='bbox 199 3370 297 3418; x_wconf 88' lang='grc' dir='ltr'><strong><em>κοινοῦ</em></strong></span> <span class='ocrx_word' id='word_1_215' title='bbox 317 3361 418 3416; x_wconf 77' lang='lat' dir='ltr'><strong>ABaO</strong></span> <span class='ocrx_word' id='word_1_216' title='bbox 441 3369 522 3433; x_wconf 78' lang='grc' dir='ltr'><strong><em>κοινή</em></strong></span> <span class='ocrx_word' id='word_1_217' title='bbox 542 3362 589 3416; x_wconf 92' lang='lat' dir='ltr'><strong><em>Bb</em></strong></span> <span class='ocrx_word' id='word_1_218' title='bbox 608 3379 631 3416; x_wconf 82' lang='lat' dir='ltr'><strong><em>e.</em></strong></span> <span class='ocrx_word' id='word_1_219' title='bbox 650 3379 720 3419; x_wconf 80' lang='lat' dir='ltr'><strong>corr.</strong></span> <span class='ocrx_word' id='word_1_220' title='bbox 811 3367 827 3415; x_wconf 86' lang='grc'>9</span> <span class='ocrx_word' id='word_1_221' title='bbox 850 3359 910 3414; x_wconf 84' lang='grc' dir='ltr'><strong><em>*τὰ</em></strong></span> <span class='ocrx_word' id='word_1_222' title='bbox 928 3359 1059 3431; x_wconf 84' lang='grc' dir='ltr'><strong><em>ἀλλότρια</em></strong></span> <span class='ocrx_word' id='word_1_223' title='bbox 1079 3360 1102 3416; x_wconf 92' lang='grc' dir='ltr'><strong>Ο</strong></span> 
     </span>
     <span class='ocr_line' id='line_1_30' title="bbox 89 3431 792 3503; baseline -0.001 -17"><span class='ocrx_word' id='word_1_224' title='bbox 89 3439 121 3487; x_wconf 77' lang='lat'><strong><em>12</em></strong></span> <span class='ocrx_word' id='word_1_225' title='bbox 146 3431 287 3488; x_wconf 88' lang='grc' dir='ltr'><strong><em>διελέλυτο</em></strong></span> <span class='ocrx_word' id='word_1_226' title='bbox 307 3433 357 3487; x_wconf 78' lang='lat' dir='ltr'><strong><em>Ac</em></strong></span> <span class='ocrx_word' id='word_1_227' title='bbox 431 3437 465 3485; x_wconf 87' lang='grc'><strong><em>14</em></strong></span> <span class='ocrx_word' id='word_1_228' title='bbox 488 3433 697 3503; x_wconf 76' lang='grc' dir='ltr'><strong><em>τιμωρήσονται</em></strong></span> <span class='ocrx_word' id='word_1_229' title='bbox 716 3431 792 3487; x_wconf 87' lang='lat' dir='ltr'><strong><em>ABb</em></strong></span> 
     </span>
    </p>
   </div>
   <div class='ocr_carea' id='block_1_4' title="bbox 141 3525 944 3574">
    <p class='ocr_par' dir='ltr' id='par_1_6' title="bbox 141 3525 944 3574">
     <span class='ocr_line' id='line_1_31' title="bbox 141 3525 944 3574; baseline 0 -1"><span class='ocrx_word' id='word_1_230' title='bbox 141 3533 242 3574; x_wconf 80' lang='lat' dir='ltr'><strong>Dtom.</strong></span> <span class='ocrx_word' id='word_1_231' title='bbox 258 3533 323 3572; x_wconf 78' lang='grc' dir='ltr'><strong><em>Ηιτ.</em></strong></span> <span class='ocrx_word' id='word_1_232' title='bbox 332 3532 377 3572; x_wconf 87' lang='lat'>111.</span> <span class='ocrx_word' id='word_1_233' title='bbox 405 3543 443 3572; x_wconf 74' lang='grc' dir='ltr'><strong><em>ιο.</em></strong></span> <span class='ocrx_word' id='word_1_234' title='bbox 457 3532 557 3573; x_wconf 57' lang='lat' dir='ltr'>«huon.</span> <span class='ocrx_word' id='word_1_235' title='bbox 909 3525 944 3573; x_wconf 77' lang='lat'><strong><em>24</em></strong></span> 
     </span>
    </p>
   </div>
   <div class='ocr_carea' id='block_1_5' title="bbox 0 0 1281 3884">
    <p class='ocr_par' dir='ltr' id='par_1_7' title="bbox 0 0 1281 3884">
     <span class='ocr_line' id='line_1_32' title="bbox 0 0 1281 3884; baseline 0 0"><span class='ocrx_word' id='word_1_236' title='bbox 0 0 1281 3884; x_wconf 95' lang='lat' dir='ltr'><strong><em> </em></strong></span> 
     </span>
    </p>
   </div>
  </div>
 </body>
</html>
