2538 3884
519 242 551 249 -
589 211 614 263 Θ
652 241 685 250 -
1042 210 1112 274 ὃλλ

88 372 305 437 διελθουσῶν
335 371 483 459 ἡμερῶν,
511 371 550 448 ἀς
573 370 764 437 ἐσπείσαντο
788 380 893 457 ταφης
914 395 950 436 τε
973 381 1039 437 τῶν
1062 373 1110 438 οί-

87 481 193 543 κείων
220 489 349 564 νεκρῶν
376 476 431 544 καὶ
460 481 639 566 θεραπείας
670 488 737 544 τῶν
765 481 975 562 κεκμηκότων
1003 477 1111 564 ἕνεκα,
1158 478 1184 512 u

87 583 399 671 παρεσκευασμένοι
421 586 461 649 τά
484 586 532 662 είς
552 587 612 651 τὸν
634 588 782 669 πόλεμον
806 583 1014 670 ἐλλείποντα,
1043 583 1111 650 έτέ-

88 713 157 774 ραν
196 690 403 775 ἠγωνίσαντο
440 691 549 777 μάχην
585 689 661 777 περὶ
697 701 743 779 τῷ
776 688 945 776 Ῥωμαίων
981 691 1109 778 χάρακι.

86 798 346 882 προσελθούσης
372 799 436 884 γάρ
463 799 566 880 ἄλλης
593 797 765 882 δυνάμεως
791 809 861 876 τοῖς
885 783 1151 898 Οὐολούσκοιςέ5

87 925 126 968 τε
155 900 211 968 καὶ
234 905 394 981 Αίκανοῑς
416 902 453 969 ἐκ
475 914 543 969 τῶν
565 901 658 990 πέριξ
682 907 815 989 χωρίων
838 904 879 970 ού
902 905 959 969 διὰ
982 913 1110 992 μακροῦ

89 1009 219 1093 όντων,
247 1007 404 1095 ἐπαρθεὶς
432 1010 450 1076 ό
479 1010 660 1095 στρατηγὸς
687 1009 813 1093 αὐτῶν,
841 1009 892 1074 ὅτι
916 1007 972 1074 καὶ
993 1031 1112 1075 πεντα-

88 1114 230 1181 πλάσιοι
253 1126 319 1182 τῶν
342 1119 511 1200 πολεμίων
533 1112 619 1201 ἦσαν
643 1117 678 1182 os
698 1114 865 1201 σφέτεροι,
887 1118 948 1200 τήν
971 1139 1006 1181 τε
1030 1137 1113 1202 παρὴ

91 1222 242 1306 εμβολην
279 1233 345 1288 τῶν
377 1220 546 1307 Ῥωμαίων
581 1222 642 1289 ούκ
676 1221 712 1288 ἐν
745 1221 851 1311 ἐχυρῷ
885 1217 991 1289 οὖσαν
1023 1223 1113 1308 ὁρῶν

90 1328 272 1414 κράτιστον
308 1327 473 1412 ὑπέλαβεν
512 1323 597 1394 εἷναι
633 1329 750 1413 καιρὸν
783 1326 960 1413 ἐπιχειρεῖν
992 1328 1113 1406 αὐτοῖς.
1128 1353 1153 1392 10

25 1432 302 1519 1905ἐνθυμηθεὶς
330 1431 368 1500 δὲ
394 1443 497 1500 ταῦτα
524 1431 600 1518 περὶ
622 1432 724 1518 μέσας
746 1435 867 1511 νύκτας
889 1429 949 1518 ἦγε
971 1435 1032 1517 τὴν
1056 1435 1113 1500 δύ-

93 1565 201 1625 ναμιν
225 1539 278 1607 ἐπὶ
300 1543 360 1607 τὸν
383 1542 510 1627 χάρακα
532 1549 599 1605 τῶν
618 1537 798 1625 Ῥωμαίων,
821 1538 876 1605 καὶ
894 1541 1005 1628 κύκλφ
1022 1562 1114 1626 περι-

95 1649 220 1731 στήσας
241 1646 409 1734 ἐφρούρει,
432 1648 476 1732 μὴ
496 1647 635 1712 λάθοιεν
653 1645 815 1724 ἀπιόντες.
852 1647 870 1713 ό
891 1642 929 1711 δέ
947 1648 1149 1730 Κοίντιος,3

94 1754 143 1829 ὡς
166 1754 271 1837 ἐμαθε
293 1763 361 1819 τῶν
383 1755 551 1838 πολεμίων
569 1755 607 1818 τὸ
626 1757 767 1837 πλῆθος,
790 1751 963 1852 ἀγαπητῶς
982 1750 1114 1830 ἐδέξατο
1187 1773 1206 1798 v

95 1857 154 1924 καὶ
176 1861 379 1946 περιμείνας,
400 1857 463 1936 ἕως
485 1856 591 1944 ἡμέρα
613 1854 642 1923 τ’
666 1855 796 1943 ἐγένετο
820 1856 875 1924 καὶ
898 1859 968 1943 ὥρα
985 1863 1115 1942 πληθυ-
1129 1881 1155 1922 15

96 1966 202 2048 ούσης
224 1962 354 2049 μάλιστ’
377 1965 516 2053 ἀγορᾶς,
538 1967 726 2050 κάμνοντας
747 1967 812 2050 ἤδη
835 1967 914 2042 τοὺς
936 1967 1116 2048 πολεμίους

96 2074 302 2156 αἰσθόμενος
327 2072 393 2137 ὑπό
420 2069 447 2136 τ’
476 2070 661 2157 ἀγρυπνίας
682 2069 738 2137 καὶ
761 2071 1030 2158 ἀκροβολισμῶν,
1057 2067 1112 2134 καὶ

96 2177 141 2244 ού
163 2179 246 2242 κατὰ
270 2181 388 2264 λόχους
412 2173 493 2243 οὐδὲ
511 2177 547 2243 ἐν
566 2177 654 2255 τάξει
673 2176 911 2260 προσάγοντας,
934 2174 1018 2240 ἀλλά
1036 2180 1116 2240 πολ-

97 2289 183 2370 λαχῇ
206 2281 408 2370 κεχυμένους
430 2281 485 2349 καὶ
504 2283 683 2368 σποράδας,
707 2281 840 2360 ἀνοίξας
857 2282 915 2358 τάς
932 2283 1038 2358 πύλας
1056 2290 1116 2347 τοῦ

96 2391 244 2478 χάρακος
274 2387 451 2477 ἐξέδραμεν
481 2391 548 2474 ἅμα
577 2399 647 2467 τοῖς
677 2386 856 2466 ἐπιλέκτοις
882 2399 949 2454 τῶν
978 2385 1116 2452 ίππέων
1130 2412 1157 2452 εο
1260 2435 1261 2458 2

97 2493 156 2562 καὶ
189 2497 225 2562 ολ
252 2492 344 2574 πεζοὶ
374 2496 607 2571 πυκνώσαντες
637 2497 716 2572 τοὺς
745 2496 865 2580 λόχους
894 2494 1116 2578 ἠκολούθουν.

99 2603 136 2669 οί
158 2598 195 2668 δὲ
220 2601 427 2667 Οὐολοῦσκοι
451 2599 711 2684 καταπλαγέντες
733 2600 843 2665 αὐτῶν
861 2602 899 2665 τὸ
917 2599 1044 2686 θράσος
1062 2597 1153 2672 καλ4
1260 2649 1261 2652 ¹

99 2711 139 2774 τὸ
173 2709 314 2792 μανικὸν
342 2716 401 2792 τῆς
430 2706 555 2792 ε’φόδου
584 2709 713 2792 βραχὺν
743 2704 964 2792 ἀνασχόμενοι
993 2709 1118 2793 χρόνον

100 2813 349 2900 ἀνακρούονταί
368 2836 402 2879 τε
426 2811 481 2878 καλ
504 2814 571 2898 άμα
593 2814 828 2900 ὑποχωροῦσιν
851 2812 915 2877 ἀπὸ
938 2821 999 2878 τοῦ
1017 2813 1118 2898 χάρα-

100 2945 160 2997 κος
190 2922 250 2986 καί
273 2957 307 2966 -
334 2914 378 3003 ἦν
410 2919 473 3006 γάρ
505 2943 555 2996 τις
587 2919 627 2985 οὐ
658 2922 771 3005 πρόσω
800 2928 861 2985 τοῦ
892 2916 1116 3004 στρατοπέδου
1131 2941 1157 2983 25

101 3029 207 3112 λόφος
225 3026 353 3109 ὑψηλὸς
372 3024 521 3102 ἐπιεικῶς
539 3062 576 3072 -
593 3027 640 3102 είς
657 3035 777 3092 τοῦτον
796 3018 859 3091 οὖν
878 3014 1117 3111 ἀνατρέχουσιν

8 3347 9 3378 1
175 3329 191 3377 2
216 3331 324 3394 νεκρῶν
344 3324 408 3380 add.
427 3323 451 3376 B
528 3328 545 3376 3
568 3321 850 3392 παρασκευασάμενοι
867 3321 891 3373 Β
968 3326 985 3374 4
1008 3327 1045 3394 τῷ
1064 3329 1119 3376 τῶν

99 3392 136 3449 Ῥ.
162 3393 185 3448 Ο
203 3395 317 3464 praeter
335 3395 357 3448 B
466 3399 482 3449 8
506 3413 535 3449 τε
558 3411 612 3448 om.
632 3392 678 3447 Ba
786 3399 820 3448 24
844 3411 873 3448 τε
892 3393 922 3447 et
941 3391 999 3463 ἅμα
1023 3409 1076 3448 om.
1095 3392 1118 3445 B

104 3471 140 3521 24
163 3459 263 3520 ἐκτοῶ
282 3465 406 3536 χάρακος
422 3465 448 3519 A
521 3471 555 3520 26
579 3459 629 3520 οὖν
649 3481 703 3520 om.
722 3463 745 3517 B
