2538 3884
523 219 557 230 -
594 190 690 288 ο-
1047 185 1113 252 329

17 346 229 414 1828τιαλεῖτέ
255 373 320 434 μου
347 352 410 435 τὴν
437 351 555 435 τύχην,
582 349 641 415 ἐάν
669 346 706 416 δὲ
733 353 953 436 κεκρατηκότα
975 361 1042 416 τῶν
1065 348 1117 437 ἐχ-

99 461 206 540 θρῶν,
230 453 376 538 ἀγαθήν·
407 454 482 541 περὶ
504 452 566 540 μὲν
589 451 652 522 οὖν
675 464 732 539 τῆς
753 458 866 540 τύχης,
888 457 950 522 οὐκ
972 455 1117 540 ἀγνοῶν,

101 561 149 625 ὅτι
167 559 323 646 φορτικοὶ
340 562 462 639 πάντες
479 561 565 628 εἰσὶν
584 563 620 629 οί
633 561 710 648 περὶ
728 562 828 647 αὐτῆς
846 562 1009 646 λέγοντες,
1031 565 1117 647 ἔχων

101 670 144 731 ἐτι
169 671 274 732 πλείω
298 666 407 750 λέγειν
430 669 606 753 παύσομαι.

164 771 289 837 XXXI.
310 770 441 857 Ἐπειδὴ
461 771 498 840 δὲ
515 773 571 840 καὶ
589 784 646 859 τῆς
663 777 798 860 γνώμης
815 778 1040 860 κατηγοροῦσί
1050 799 1116 859 μον
1144 795 1157 834 ⁵

98 881 287 964 προδοσίαν
305 876 367 965 μὲν
386 880 428 947 οὐ
447 887 632 965 τολμῶντες
645 880 813 948 ἐπικαλεῖν
828 879 901 948 οὐδ’
920 880 1117 966 ἀνανδρίαν,

98 983 149 1071 ἐφ’
179 977 231 1062 οἷς
258 986 295 1051 αἱ
319 987 401 1052 κατά
429 998 496 1053 τῶν
523 988 635 1053 ἀλλων
658 998 851 1072 στρατηγῶν
873 991 1024 1070 γίνονται
1046 991 1117 1072 κρί-

99 1109 185 1175 σεις,
211 1092 366 1177 ἀπειρίαν
389 1089 427 1158 δὲ
450 1104 510 1160 τοῦ
534 1105 730 1178 στρατηγεῖν
751 1092 807 1159 καὶ
830 1093 1043 1179 ἀφροσύνην,
1067 1093 1117 1160 ὅτι

96 1200 264 1266 κίνδυνον
286 1197 446 1283 ὑπέμεινα
469 1199 531 1265 οὐκ
553 1199 735 1284 ἀναγκαῖον
754 1197 808 1265 ἐπὶ
828 1203 889 1266 τὸν
906 1201 1033 1287 χάρακα
1050 1211 1118 1266 τῶν

96 1308 270 1389 πολεμίων
298 1305 481 1390 ὠσάμενος,
508 1308 673 1391 βούλομαι
695 1305 750 1373 καὶ
772 1305 849 1392 περὶ
871 1309 992 1373 τούτου
1015 1309 1118 1390 λόγον
1133 1325 1158 1366 1⁰

96 1412 260 1496 ὑποσχεῖν
287 1412 384 1497 ὑμῖν,
410 1416 668 1499 προχειρότατον
692 1409 754 1498 μὲν
776 1410 864 1479 τοῦτ’
893 1416 978 1498 ἐχιον
1000 1415 1118 1494 εἰπεῖν,

98 1518 148 1583 ὅτι
178 1520 218 1584 τὸ
242 1514 303 1603 μέν
327 1517 479 1604 ἐπιτιμᾶν
501 1531 571 1596 τοῖς
594 1518 786 1604 γενομένοις
808 1520 897 1586 πάνυ
921 1516 1041 1606 ῥᾴδιον
1062 1515 1118 1582 καὶ

97 1627 224 1700 παντὸς
247 1624 442 1709 ἀνθρώπου,
464 1627 502 1691 τὸ
527 1623 564 1692 δὲ
581 1626 855 1712 παραβάλλεσθαι
872 1624 1043 1710 πράγμασι
1059 1647 1118 1689 κα-

98 1735 172 1806 λοῖς
189 1731 336 1814 χαλεπὸν
355 1728 409 1796 καὶ
428 1730 565 1814 ὀλίγων·
588 1730 644 1798 καὶ
668 1731 720 1796 ὅτι
742 1732 804 1817 οὐχ
828 1732 938 1816 ὥσπερ
961 1731 1001 1795 τά
1023 1753 1119 1813 γεγο-

99 1839 181 1901 νότα
211 1839 381 1920 φαίνεται,
411 1836 510 1902 ὁποῖά
540 1836 646 1920 ἐστιν,
675 1838 763 1904 οὕτω
793 1835 848 1902 καὶ
875 1838 916 1902 τά
944 1835 1119 1921 με’λλοντα,
1134 1854 1160 1894 1⁵

99 1942 199 2008 ὁποῖα
219 1944 323 2007 ἐσται·
348 1939 420 2007 ἀλλ’
443 1941 554 2008 ἐκεῖνα
576 1938 637 2027 μὲν
661 1945 816 2027 αἰσθήσει
838 1940 894 2008 καὶ
916 1943 1040 2008 πάθεσι
1062 1966 1118 2007 αα-

99 2051 400 2132 ταλαμβανόμεθα,
426 2059 529 2114 ταῦτα
555 2045 595 2112 δέ
622 2053 791 2132 μαντείαις
817 2046 873 2114 καὶ
896 2048 1009 2126 δόξαις
1030 2049 1119 2112 είτιά-

38 2157 211 2239 1εεοζομεν,
233 2154 271 2220 έν
290 2146 342 2232 αἷς
359 2158 446 2220 πολὺ
464 2156 502 2220 τὸ
521 2154 703 2238 ἀπατηλόν·
727 2153 783 2220 καὶ
801 2155 852 2219 ὅτι
871 2155 996 2240 ῥᾷστον
1015 2152 1118 2217 ἀπάν-

99 2285 167 2326 των
196 2258 267 2326 ἐστὶ
295 2264 384 2350 λόγῳ
413 2273 608 2346 στρατηγεῖν
634 2260 800 2344 πολέμους
827 2259 888 2338 ἔξω
916 2269 977 2324 τοῦ
1003 2260 1118 2324 δεινοῦ

99 2369 299 2451 βεβηκότας,
327 2366 345 2433 ὃ
373 2376 529 2433 ποιοῦσιν
557 2368 593 2432 οί
617 2374 878 2452 κατηγοροῦντες
904 2365 996 2450 ἐμοῦ.
1041 2347 1160 2461 ἀλλ’,ῗυ

100 2475 155 2537 ἵνα
178 2470 272 2539 ταῦτ’
300 2473 394 2558 ἀφῶ,
423 2472 502 2559 φέρε
525 2474 608 2558 πρὸς
629 2480 722 2539 θεῶν
745 2472 859 2540 είπατέ
878 2495 951 2556 μοι,
973 2471 1118 2556 μόνοςῆ

98 2601 232 2665 πριιτος
258 2577 340 2663 ὑμίν
368 2577 432 2661 ἐγὼ
460 2581 623 2664 φαίνομαι
650 2578 834 2663 βιάσασθαι
860 2578 1027 2663 φρούριον
1050 2576 1119 2642 έπι-

100 2688 287 2768 βαλόμενος
313 2681 368 2748 καὶ
396 2686 478 2769 πρὸς
503 2683 616 2768 ὑψηλά
643 2689 746 2770 χωρία
773 2685 831 2761 τάς
858 2684 1018 2768 δυνάμεις
1040 2682 1120 2768 ἀγα-

100 2792 185 2872 γών;
217 2789 239 2874 ἢ
266 2795 401 2856 πολλῶν
428 2787 496 2874 μετ’
524 2792 634 2856 ἀλλων
656 2789 826 2875 ὑμετέρων
849 2802 1059 2876 στρατηγῶν,
1086 2790 1120 2869 ἐξ

102 2891 148 2961 ὧν
173 2897 210 2960 οί
231 2892 293 2980 μὲν
316 2898 556 2982 κατώρθωσαν,
577 2907 647 2973 τοῖς
670 2894 700 2961 δ’
718 2896 780 2962 οὐκ
799 2896 966 2983 ἐχώρησεν
984 2898 1005 2981 ἡ
1023 2910 1121 2983 πεῖρα
1134 2918 1161 2958 ει

99 3004 182 3068 κατὰ
212 3011 313 3082 νοῦν;
349 3005 385 3068 τί
410 2999 526 3085 δήποτ’
553 2997 616 3068 οὖν
643 3005 721 3079 τοὺς
747 3004 871 3081 ἀλλους
898 3002 1037 3090 ἀφέντες
1064 2999 1120 3087 ἐμὲ

98 3304 125 3357 A
173 3238 187 3284 1
213 3229 310 3354 ψνχὴφ
329 3228 376 3320 ΒΙο
420 3235 464 3354 Β3
483 3227 559 3354 ’ἔχοντί
578 3227 606 3283 δ’
623 3226 665 3355 {fit
681 3229 707 3283 A
731 3226 801 3353 {xm
821 3227 862 3320 {a
880 3231 928 3354 gb
976 3224 1120 3354 ἵὲἐῖφίὦγ

100 3373 163 3428 εδδ.
183 3299 861 3444 Β116βίίαάἀίίεσνεάςΑίδΙσὺἐίάβάίλλόμενος0ιῶοι>
887 3377 923 3426 24
941 3367 959 3438 ἢ
979 3386 1033 3428 om.
1052 3318 1121 3443 δ’ἀωῖ

100 3443 229 3514 μεγάλων
249 3445 296 3498 Ba
313 3442 373 3513 μετ’
390 3443 480 3497 ἀλλων
497 3443 523 3495 R
