2484 3876
488 169 654 220 -Η-
1014 170 1076 235 161

78 323 104 392 δ’
131 325 150 410 ἡ
180 331 337 393 Λατίνων
368 326 424 393 καὶ
455 339 523 395 τῶν
553 329 665 394 ἄλλων
696 330 879 416 συμμάχων
915 331 972 416 <τε
1002 329 1079 416 καί)

76 432 212 499 άποίκων
229 442 288 518 τῆς
304 435 433 510 πόλεως
451 434 555 519 ἰσχύς,
576 433 620 518 ἣν
639 435 756 518 ὀλίγου
772 445 883 504 πᾶσαν
900 435 1079 523 ἐπίκουρον

74 539 154 624 ἥξειν
170 539 373 627 προσδέχου·
393 543 573 625 στρατηγοί
586 564 622 607 τε
641 532 711 619 οἰος
730 545 771 608 σὺ
788 541 844 608 καί
862 544 1080 630 πρεσβύτεροι

73 644 121 710 καί
144 645 214 712 νέοι
242 656 398 714 τοσοῦτοι
424 649 464 713 τὸ
490 652 636 732 πλῆθος,
663 647 736 714 ὅσοι
761 650 851 734 παρὰ
876 650 995 726 πάσαις
1018 649 1081 716 οόκ

73 752 128 818 εἰσί
153 763 224 831 ταῖς
253 755 370 830 ἄλλοις
396 755 522 819 πόλεσι.
567 757 703 839 μεγίστη
731 751 770 820 δὲ
795 765 912 822 πασῶν
938 739 1120 853 βοήθεια-35

72 856 201 937 καὶτὰς
229 859 268 925 ἐν
294 871 366 936 τοῖς
392 861 516 936 δεινοῖς
542 859 678 938 ἐλπίδας
699 858 859 927 οὐδέποθ’
883 859 979 944 ἡμῶν
1000 871 1081 940 ψευ-

73 963 186 1048 σαμένη
217 965 394 1050 συμπάσης
422 963 450 1030 τ’
480 965 627 1050 ἀμείνων
655 965 872 1052 ἀνθρωπίνης
902 967 1030 1052 ἰσχύος,
1058 966 1079 1051 ἡ

70 1071 149 1157 παρά
174 1081 247 1136 τῶν
274 1078 365 1138 θεῶν
393 1072 524 1157 εύνοια,
551 1067 595 1137 δι’
623 1071 682 1150 οὓς
706 1073 747 1139 ού
770 1075 876 1157 μόνον
899 1071 1081 1158 ἐλευθέραν

72 1178 111 1252 εἰς
130 1179 207 1242 τόδε
231 1179 359 1264 χρόνον
381 1179 442 1263 τὴν
460 1179 559 1244 πόλιν
577 1179 679 1262 τήνδε
696 1180 854 1264 οἰκοῦμεν
873 1178 997 1264 ὀγδόην
1014 1180 1079 1264 ἤδη

71 1282 123 1366 την
140 1292 206 1348 νῦν
225 1285 357 1368 γενεάν,
376 1283 460 1350 άλλδ
478 1282 533 1350 καί
546 1284 735 1369 ἐὐδαίμονα
751 1282 808 1351 καί
820 1289 955 1350 πολλῶν
968 1284 1081 1352 ἐθνῶν
1095 1307 1121 1348 ιο

72 1388 244 1473 ἄρχουσαν.
290 1391 335 1474 μὴ
364 1386 402 1455 δὲ
422 1391 591 1468 Πεδανοῖς
611 1391 696 1476 ἡμᾶς
719 1391 851 1477 εἰκάσῃς
872 1387 956 1475 μηδὲ
983 1394 1117 1461 Τολε·4

73 1497 168 1577 ρίνοις
191 1490 280 1580 μηδὲ
302 1507 372 1573 τοῖς
394 1497 508 1574 άλλοις
525 1499 784 1584 μικροπολίταις,
806 1491 854 1562 ὧν
872 1493 1025 1581 κατέσχες
1042 1497 1083 1562 τά

72 1604 234 1685 πολίχνια·
259 1601 315 1667 καὶ
333 1603 402 1692 γάρΙ
415 1603 522 1686 ἥττων
540 1604 584 1668 άν
601 1607 650 1680 τίς
668 1619 731 1670 σου
750 1603 931 1689 στρατηγὸς
949 1599 1005 1667 καὶ
1023 1600 1079 1666 ἀπ’

74 1703 240 1785 ἐλάττονος
258 1707 279 1791 ἢ
297 1709 460 1793 τοσαύτης
478 1718 631 1796 στρατιᾶς
644 1709 916 1795 ὀλιγανθρωπίαν
928 1707 984 1775 καί
997 1733 1084 1795 φαυ-

25 1814 182 1898 Ιῖοῖλότητα
211 1813 387 1899 ἐρυμάτων
410 1813 579 1900 ἐβιάσατο·
606 1812 676 1881 ἀλλ’
704 1813 856 1899 ἐνθυμοῦ
878 1817 916 1881 τὸ
939 1813 1082 1899 μέγεθος
1098 1837 1122 1877 ω

74 1926 124 2001 της
144 1922 277 1998 πόλεως
296 1919 352 1987 καὶ
375 1922 435 2005 τὴν
458 1924 670 2008 λαμπρότητα
691 1933 759 1988 τῶν
782 1919 819 1986 ἐν
841 1932 911 1998 τοῖς
928 1919 1084 2007 πολέμοις

74 2025 216 2109 πράξεων
245 2025 301 2092 καί
323 2029 384 2112 τὴν
407 2027 444 2093 ἐκ
464 2037 526 2093 τοῦ
548 2029 646 2094 θείου
668 2037 841 2113 παροῦσαν
863 2027 946 2112 αὐτῇ
969 2029 1084 2112 τύχην,

76 2127 113 2193 δι’
138 2132 181 2215 ἣν
213 2132 251 2198 ἐκ
280 2142 399 2219 μικρᾶς
427 2135 570 2219 τοσαύτη
600 2133 725 2218 γέγονε.
771 2131 827 2200 καὶ
852 2135 914 2217 τὴν
942 2138 1119 2202 σεαυτοῦὸ

77 2234 225 2322 δύναμιν,
248 2237 292 2321 ἣν
315 2239 406 2322 άγων
430 2241 517 2328 ἔργῳ
539 2240 665 2326 τοσῷδε
688 2238 877 2325 ἐπιχειρεῖς,
905 2238 950 2321 μὴ
972 2240 1084 2321 νόμιζε

76 2341 250 2429 ἠλλάχθαι,
274 2333 358 2409 άλλδ
381 2342 529 2430 μέμνησο
552 2344 706 2433 ἀκριβῶς,
728 2345 779 2410 ὀτι
803 2343 1028 2409 Οὐολούσκων
1049 2365 1085 2408 τε
1099 2365 1125 2405 ιο

77 2445 124 2512 καί
144 2452 305 2516 Αἰκανῶν
333 2451 490 2537 στρατιὰν
513 2450 634 2538 ἐπάγη,
661 2451 720 2529 οὓς
740 2450 834 2535 ἡμεῖς
857 2450 927 2514 οἵδε
952 2450 1001 2530 [οἰ
1020 2459 1085 2516 νῦν

79 2554 174 2637 ὀντες]
200 2555 239 2621 ἐν
261 2561 400 2634 πολλαῖς
422 2557 584 2642 ἐνικῶμεν
606 2557 736 2643 μάχαις,
758 2555 872 2632 ὁσάκις
893 2554 973 2638 ἡμῖν
996 2552 1086 2620 ἐτόλ-

80 2676 178 2744 μησαν
201 2663 251 2739 εἰς
267 2664 414 2747 πόλεμον
431 2672 644 2748 καταστῆναι·
668 2663 751 2728 ὥστε
771 2664 835 2728 σὺν
851 2672 922 2738 τοῖς
939 2664 1086 2747 χείροσιν

81 2763 293 2848 ἀγωνίζεσθαι
325 2767 456 2854 μέλλων
488 2775 562 2835 ἴσθι
592 2770 677 2855 πρὸς
707 2769 786 2846 τοὺς
813 2770 1004 2855 κρείττονας
1031 2766 1087 2834 καί

82 2873 136 2936 σὺν
162 2886 233 2950 τοῖς
258 2872 460 2958 ἡττωμένοις
487 2875 543 2940 διὰ
569 2876 692 2951 παντὸς
717 2875 801 2960 πρὸς
826 2878 904 2952 τοὺς
925 2886 1127 2952 νικῶνταςιτ

83 2974 133 3044 άεί.
168 2982 200 3046 εἰ
222 2976 261 3044 δὲ
284 2981 326 3068 δὴ
349 2978 508 3048 τάναντία
528 2982 657 3049 τούτων
674 2977 731 3068 ἧν,
752 2978 859 3050 ἐκεῖνό
877 2979 917 3068 γέ
932 3004 985 3050 τοι
1002 2983 1122 3048 θαυ-6

145 3141 160 3189 1
179 3154 210 3191 τε
229 3135 279 3191 κοιλ
297 3136 363 3192 add.
381 3135 514 3206 Gelenius
597 3141 615 3191 4
634 3133 695 3192 ὀσοι
712 3136 791 3206 παρὰ
808 3137 913 3200 πάσαις
931 3136 954 3192 Ο
974 3137 1087 3206 ὅσοιπερ

84 3200 198 3269 άπάσαις
207 3223 230 3262 ο.
242 3205 367 3262 Sintenis
381 3209 442 3264 Em.
456 3207 538 3264 Dion.
552 3207 592 3261 111
606 3213 639 3262 22
695 3214 728 3261 11
744 3207 781 3278 μὴ
796 3207 828 3263 δὲ
843 3208 866 3263 Ο
881 3207 918 3278 μὴ
934 3207 969 3276 δὴ
983 3205 1088 3260 Reiske

87 3279 115 3328 14
131 3279 292 3347 φαυλότητα
309 3279 445 3334 τοιούτων
463 3275 607 3350 ἐρυμάτων
626 3295 650 3335 ο.
668 3277 772 3333 Reiske
851 3284 883 3332 19
902 3273 1045 3346 *ἐπάγων
1065 3275 1087 3332 Ο

87 3337 248 3420 ἐπαγόμενος
266 3367 289 3404 ο.
310 3349 456 3420 Kiessling
473 3348 550 3419 άγων
564 3365 617 3420 ego
689 3354 722 3404 21
743 3348 772 3403 οἱ
788 3357 841 3404 νῶν
860 3346 975 3410 ὀντεςΟ
994 3343 1024 3402 οἰ
1036 3355 1089 3404 νῖιν

86 3417 213 3487 παρόντες
231 3436 255 3475 ο.
273 3419 419 3491 Kiessling
442 3420 497 3478 del.
517 3419 606 3476 Cobet
624 3419 691 3476 Obs.
709 3438 737 3488 p.
753 3424 804 3472 159
823 3416 927 3473 Variae
944 3417 1021 3474 Lect.
1036 3423 1088 3474 298

131 3517 230 3561 Βτοιετε.
243 3521 309 3563 mn.
318 3519 362 3561 111„
390 3529 430 3560 ιο.
444 3521 547 3560 ῖεοοττ.
895 3507 928 3554 11
