2508 3882
481 178 648 227 -H‚-
1005 171 1070 236 247

69 335 100 400 ἐκ
119 345 173 419 τῆς
194 336 354 418 πατρίδος
376 335 460 420 ἀνὴρ
483 342 703 420 στρατηγῆσαι
721 333 886 420 πολέμους
908 346 976 400 τῶν
998 339 1072 402 τότε

69 443 247 520 δεινότατος
275 442 373 526 ὅμοια
401 442 507 527 δράση
531 445 674 530 Μαρκίῳ
696 442 736 508 τοί
757 465 792 507 τε
816 445 912 526 φίλια
935 442 1072 527 διαβάλ-

68 553 129 613 λων
156 546 211 613 καλ
237 548 279 613 τδι
307 546 412 633 έχθρδ
444 547 600 625 συνιστὰς
628 545 684 612 καὶ
715 551 862 632 πόλεμον
893 549 1071 614 ἀσπειστου

69 653 206 740 ἐπαγάγῃ
232 661 272 739 τῇ
300 654 443 740 πατρίδι.
495 661 594 720 τοῦτο
621 656 659 720 τὸ
687 651 779 731 τέλος
808 662 866 738 της
893 655 987 739 δίκης
1014 658 1072 719 λα-

69 761 181 844 δούσης
203 759 385 842 ἀγαγόντες
406 759 443 824 οί
461 762 574 844 ταμίαι
597 761 656 826 τὸν
678 760 786 846 ἀνδρα
812 756 866 824 ἐπὶ
889 761 948 824 τὸν
970 760 1071 846 ὑπερ·
1098 780 1113 820 ι

69 870 210 950 κείμενον
228 873 287 949 της
305 865 429 949 ἀγορᾶς
450 867 611 951 κρημνόν,
634 863 790 930 ἁπάντων
808 865 965 950 ὁρώντων
984 867 1072 952 ἔρρι-

20 985 129 1051 Ιῖοοναν
144 973 226 1039 κατὰ
246 980 304 1056 της
321 969 448 1058 πέτρας.
485 971 567 1056 αὕτη
586 971 650 1054 γὰρ
668 966 711 1054 ἦν
728 980 798 1048 τοῖς
813 973 887 1036 τότε
901 967 1073 1056 Ῥωμαίοις

69 1078 233 1164 ἐπιχώριος
255 1088 322 1143 τῶν
345 1076 399 1143 ἐπὶ
422 1078 558 1167 θανάτῳ
581 1076 774 1160 ἁλόντωνὴ
797 1080 941 1155 κόλασις.

126 1183 326 1250 LXXVIIII.
366 1180 402 1248 ‘O
432 1179 494 1268 μὲν
522 1178 584 1250 οὖν
611 1185 840 1270 πιθανώτερος
870 1194 938 1249 τῶν
968 1204 1072 1270 παρα-

70 1291 250 1376 δεδομένων
272 1287 356 1376 ὑπὲρ
378 1301 439 1358 τοῦ
461 1289 585 1375 ἀνδρὸς
607 1292 718 1372 λόγων
735 1290 867 1356 τοιόσδε
890 1288 995 1355 ἐστίν·
1020 1291 1074 1356 δεῖ
1087 1311 1112 1352 ιο

71 1393 102 1462 δέ
117 1394 169 1462 καὶ
186 1399 249 1464 τὸν
261 1393 368 1480 ἧσσον
380 1400 540 1481 πιθανόν,
560 1395 673 1480 ἐπειδὴ
691 1394 843 1472 κάκεῖνος
860 1399 1072 1462 πεπίστευται

69 1503 126 1570 ὑπὸ
150 1509 286 1571 πολλῶν
313 1502 368 1570 καὶ
395 1502 434 1571 έν
462 1513 605 1590 γραφαῖς
631 1501 813 1588 ἀξιοχρέοις
844 1499 994 1588 φέρεται,
1026 1503 1071 1587 μὴ

70 1615 251 1695 παρελθεῖν.
295 1608 425 1694 λέγεται
447 1610 490 1693 δη
512 1625 611 1692 τισιν,
634 1608 679 1685 ὡς
702 1606 829 1690 ἀδήλου
848 1615 950 1673 πᾶσιν
970 1607 1073 1692 οὔσης

71 1718 111 1781 ἔτι
130 1726 186 1800 τῆς
208 1713 265 1787 ὑπῖ
288 1715 392 1782 αὐτοῦ
410 1712 693 1799 συσκευαζομένης
710 1714 920 1800 τυραννίδος,
943 1724 1072 1801 πρῶτος

71 1821 268 1900 ὑποπτεύσας
295 1822 313 1888 ὁ
340 1823 447 1906 πατὴρ
476 1831 537 1887 τοῦ
560 1822 712 1886 Κασσίου
738 1818 794 1886 καὶ
822 1821 879 1886 διδ
900 1827 959 1906 της
980 1819 1072 1905 ἀκρι-
1086 1839 1113 1882 ιο

71 1929 216 2015 βεστάτης
242 1928 392 2014 βασάνου
419 1929 457 1994 τὸ
486 1935 621 2014 πρᾶγμα
647 1925 799 2005 ἐξετάσας
825 1921 904 2010 διιεν
931 1925 985 1992 ἐπὶ
1010 1927 1072 2009 τὴν

72 2038 197 2119 βουλήν·
226 2037 337 2100 ἔπειτα
364 2033 522 2109 κελεύσας
551 2031 673 2126 έλθεῖν
686 2035 746 2098 τὸν
770 2032 848 2099 υίὸν
869 2033 1015 2117 μηνυτής
1037 2055 1072 2097 τε

72 2139 117 2204 καὶ
136 2143 319 2226 κατήγορος
341 2138 444 2205 αὐτοῦ
468 2135 611 2221 ἐγένετο·
633 2139 861 2222 καταγνούσης
884 2133 921 2203 δέ
938 2132 994 2202 καλ
1015 2146 1073 2221 τῆς

72 2251 181 2332 βουλῆς
209 2247 343 2332 ἀγαγὼν
374 2245 478 2310 αὐτὸν
504 2246 552 2322 είς
578 2245 641 2328 την
669 2245 777 2310 οἰκίαν
809 2241 988 2308 ἀπέκτεινε.
1033 2245 1108 2309 τὸ2

73 2350 123 2436 μὲν
152 2349 215 2420 οὖν
246 2355 368 2436 πικρὸν
399 2349 455 2417 καὶ
485 2351 708 2438 ἀπαραίτητον
737 2358 795 2434 τῆς
823 2360 890 2415 τῶν
919 2345 1071 2435 πατέρων
1086 2367 1113 2406 ιο

73 2459 160 2544 ὀργῆς
187 2462 235 2537 είς
261 2460 357 2536 υίοὺς
385 2457 584 2535 ἀδικοῦντας
611 2455 667 2522 καὶ
689 2450 819 2540 μάλιστ’
847 2454 884 2521 ἐν
905 2465 977 2532 τοῖς
997 2459 1071 2521 τότε

76 2568 224 2650 Ρωμαίοις
247 2561 327 2631 οὐδὲ
348 2565 473 2646 ταύτην
496 2563 680 2628 ἀπωθεῖται
701 2563 764 2645 τὴν
790 2563 972 2647 πρόφασιν·
1001 2559 1072 2624 ε’πελ

74 2669 303 2758 καὶπρότερον
329 2674 479 2756 Βροῦτος
505 2671 524 2736 ὁ
550 2671 628 2745 τοὺς
658 2671 807 2752 βασιλεῖς
836 2665 985 2752 ἐκβαλὼν
1012 2665 1074 2751 ἀμ-

27 2777 219 2864 ιιοιροτέρους
241 2779 322 2854 τοὺς
343 2778 440 2854 υίοὺς
463 2775 636 2841 έδικαίωσε
658 2774 740 2839 κατδι
763 2775 823 2840 τὸν
843 2784 911 2839 τῶν
932 2773 1074 2859 κακούρ·

75 2906 132 2964 γον
152 2888 257 2970 νόμον
280 2883 477 2965 ἀποθανεῖν,
498 2879 554 2947 καὶ
576 2878 726 2947 πελέκεσι
749 2882 827 2956 τοὺς
850 2877 990 2964 αὐχένας
1013 2881 1073 2946 ἀπ·
1087 2894 1115 2936 2⁵

133 3075 269 3146 ῖδράσαι
288 3090 312 3131 ε.
329 3070 475 3141 Kiessling
508 3075 512 3139 Ι
546 3071 689 3143 διαβαλὼν
708 3069 731 3125 0
751 3087 820 3127 corr.
845 3071 967 3140 Sylburg
1058 3078 1073 3125 3

76 3141 176 3201 ἄπιστον
189 3147 215 3200 A
270 3140 411 3214 λέπαγολγ
445 3139 625 3213 ΑέπάγοιΒ
676 3139 984 3213 9παραδιδομένωνΒ
1040 3148 1073 3196 17

77 3208 157 3272 ἐλθεῖν
175 3216 197 3272 Ο
217 3212 345 3283 ἐξελθεῖν
364 3232 388 3269 ο.
408 3163 571 3269 δωοὶλεωῖοτ
593 3212 738 3284 Kiessling
817 3219 848 3267 21
871 3210 910 3274 εἰς
927 3211 992 3274 τους
1011 3212 1074 3265 ἀδι-

76 3294 180 3351 κοῦντας
198 3287 221 3342 0
241 3286 281 3350 εἰς
299 3288 471 3348 ἀδικοῦντας
488 3285 540 3354 τὴν
558 3284 641 3339 πόλιν
659 3281 739 3346 υίοδς
752 3301 775 3338 c.
792 3281 913 3351 sylburg
936 3279 977 3345 είς
995 3279 1075 3344 υἱοὺς

76 3355 229 3422 ἀδικοῦντας
246 3375 270 3414 ο.
286 3356 411 3413 Sintenis
430 3355 491 3411 Em.
509 3355 591 3412 Dion,
610 3355 699 3409 11117
753 3361 788 3408 22
807 3355 954 3421 ἀπόφασιν
973 3369 996 3408 ο.
1012 3348 1074 3407 Sin-

75 3427 136 3482 λεοὶε
152 3430 171 3486 l.
184 3429 204 3484 1.
