2496 3878
503 217 666 264 *z—
1046 213 1091 280 23

85 369 234 455 γενέσθαι
256 371 426 459 Ῥωμαίων
452 377 563 464 κλήρῳ
590 376 652 459 τὴν
681 373 813 459 ἔξοδον,
845 377 926 441 κατὰ
953 372 991 441 δέ
1023 387 1091 442 τῶν

84 482 262 564 λαχόντων,
294 482 327 544 εἰ
355 481 400 565 μὴ
432 479 566 564 έξίοιεν,
597 481 740 566 χαλεπὰς
766 479 822 546 καὶ
849 482 1090 569 ἀπαραιτήτους

84 583 217 668 θεμένης
245 588 367 671 ζημίας.
405 581 502 664 οὗτός
527 609 562 652 τε
591 589 632 671 δὴ
656 587 675 653 δ
699 591 816 666 στόλος
838 590 885 666 είς
909 589 1090 676 Οὐελίτρας

37 690 232 776 εειιεόπρεπεί
263 692 390 780 ἀνάγκη
421 691 646 778 καταληφθεὶς
678 692 861 778 ἀπεστάλη,
893 692 948 760 καί
980 694 1089 782 ἕτερος

82 792 172 874 αὖθις
194 799 239 864 οὐ
262 804 400 876 πολλαῖς
421 797 557 885 ἡμέραις
578 799 719 886 ὕστερον
743 801 790 878 εἰς
808 801 956 888 Νώρβαν
978 805 1089 886 πόλιν,
1115 823 1130 866 ε

82 902 184 985 ἥέστι
206 912 271 970 τοῦ
294 907 451 969 Λατίνων
474 906 596 981 ἔθνους
619 905 680 970 οὐκ
703 903 839 989 ἀφανής.
1130 907 1156 948 0

137 1009 249 1074 XIIII.
283 1007 431 1093 Ἐγένετο
464 1005 494 1074 δ’
527 1007 628 1076 οὐδὲν
662 1021 730 1076 τῶν
763 1009 800 1075 έκ
830 1016 993 1096 λογισμοῦ
1019 1023 1088 1091 τοίς

82 1120 259 1200 πατρικίοις
276 1117 358 1182 κατὰ
376 1125 461 1199 γοῦν
479 1117 540 1200 τὴν
559 1115 675 1181 έλπίδα
694 1117 862 1201 λωφήσειν
879 1119 941 1202 την
959 1117 1088 1202 στάσιν,

82 1219 143 1286 ἀλλ’
173 1224 211 1288 oc
237 1220 508 1309 περιλειφθέντες
534 1224 581 1288 ἔτι
608 1225 741 1307 χείρους
766 1233 838 1301 ταῖς
865 1223 979 1310 όργαίς
1001 1219 1087 1310 ἦσαν

81 1326 126 1392 καὶ
151 1334 262 1413 πολλῇ
290 1337 328 1414 τῇ
355 1332 500 1413 καταβοῇ
523 1337 590 1393 τῶν
617 1331 808 1412 βουλευτῶν
835 1327 978 1416 ἐχρῶντο
1006 1331 1088 1397 κατά
1103 1355 1129 1395 ιο

80 1458 108 1498 τε
133 1435 325 1520 συστροφὰς
350 1431 406 1499 καὶ
434 1431 593 1520 ἑταιρίας,
625 1433 732 1518 όλίγοι
762 1430 824 1519 μὲν
851 1439 1024 1514 συνιόντες
1049 1439 1086 1505 τὸ

81 1552 202 1622 πρῶτον
209 1590 221 1625 ,
250 1537 349 1606 ἔπειτ’
383 1539 504 1625 ἀθρόοι
537 1538 784 1627 συντονωτέρας
814 1542 878 1626 ἢδη
911 1539 1088 1627 γινομένης

79 1657 128 1730 τῆς
152 1647 296 1732 ἀπορίας
322 1643 378 1712 καὶ
410 1647 656 1732 συνδραμόντες
683 1649 732 1723 εἰς
758 1648 820 1731 τὴν
852 1647 978 1734 ἀγοράν
1009 1652 1088 1726 τοὺς

77 1753 264 1840 δημάρχους
292 1752 407 1837 ἐβόων.
445 1755 669 1838 συναχθείσης
697 1750 728 1817 δ’
755 1749 812 1817 ὑπ’
839 1753 949 1819 αὐτῶν
973 1753 1122 1840 ἀνείλη-2

15 1836 16 1906 δ
80 1862 141 1936 σίας
166 1861 350 1946 παρελθὼν
374 1862 522 1945 Σπόριος
544 1861 710 1943 Σικίνιος,
738 1859 776 1936 ὃς
803 1855 846 1943 ἧν
867 1869 928 1926 τοῦ
950 1860 1085 1949 ἀρχείου
1100 1884 1126 1924 ιε

15 1977 16 2004 ³
79 1968 141 2030 τότε
163 1966 314 2050 ἡγεμών,
341 1965 440 2042 αὐτός
467 1990 501 2030 τε
528 1969 633 2042 πολὺς
660 1968 748 2051 ἔρρει
775 1967 856 2031 κατά
883 1977 940 2052 τῆς
962 1971 1087 2052 βουλῆς
1146 1981 1148 1988 ’

80 2071 179 2149 αὔξων
210 2074 256 2150 ὡς
283 2069 411 2156 μάλιστ’
446 2070 525 2156 ἐνῆν
551 2073 611 2138 τὸν
639 2068 709 2138 κατ’
737 2072 837 2157 αὐτῆς
859 2077 1004 2158 φθόνον,
1030 2073 1085 2140 καλ

79 2181 147 2255 τοὺς
169 2181 295 2256 ἄλλους
316 2178 411 2262 η’ξίου
434 2176 544 2263 λέγειν
567 2177 588 2244 ἃ
610 2189 797 2265 φρονοῦσιν
825 2182 871 2257 είς
898 2182 935 2246 τὸ
958 2184 1085 2265 κοινόν,

36 2285 213 2366 λελιμάλιστα
242 2282 280 2350 δὲ
306 2287 367 2350 τὸν
394 2287 548 2349 Σικίνιον
575 2281 631 2348 καὶ
658 2286 716 2349 τὸν
744 2287 896 2370 Βροῦτον
923 2284 1085 2368 ἀγορανό-

80 2414 153 2472 μους
178 2387 249 2457 τότ’
276 2391 374 2468 όντας
401 2389 577 2455 ἀνακαλῶν
605 2387 760 2476 ἑκάτερον
787 2389 820 2468 έξ
845 2390 1022 2475 ὀνόματος,
1052 2396 1125 2462 οἳεο

79 2496 205 2582 καὶτῆς
228 2499 360 2584 πρώτης
381 2496 591 2572 ἀποστάσεως
613 2505 658 2584 τῷ
682 2499 775 2586 δήμω
798 2491 919 2582 ἦρξαν,
946 2495 1000 2563 καὶ
1023 2500 1084 2583 τὴν

79 2604 278 2690 δημαρχικὴν
301 2603 455 2682 ἐξουσίαν
478 2602 731 2686 εἰσηγησάμενοι
748 2613 873 2689 πρῶτοι
894 2603 995 2688 αὐτῆς
1013 2608 1085 2671 ἔτυ-

79 2733 140 2792 χον.
179 2712 405 2796 παρελθόντες
429 2706 459 2773 δ’
486 2703 580 2774 οὗτοι
606 2711 684 2785 τοὺς
710 2711 995 2793 κακοηθεστάτους
1017 2717 1119 2781 τῶνθ

80 2818 180 2898 λόγων
208 2815 245 2882 έκ
272 2821 399 2882 πολλοῦ
425 2812 728 2901 παρεσκευασμένοι
756 2815 945 2903 διεξῄεσαν,
973 2817 1085 2896 δτοίς

79 2926 205 3000 πολλοῖς
232 2922 367 2987 ἀκούειν
394 2916 437 3005 ἦν
466 2918 700 3006 βουλομένοις,
730 2922 774 2999 ὡς
802 2922 838 2988 έκ
864 2927 1023 3010 προνοίας
1050 2949 1083 2991 τε
1098 2941 1124 2984 2⁶

79 3025 127 3091 καὶ
149 3027 327 3112 ἐπιβουλῆς
348 3027 413 3093 ὑπὸ
441 3037 508 3092 τῶν
534 3015 702 3094 πλουσίων
729 3027 857 3112 γένοιθ’
883 3031 904 3115 ἡ
927 3028 1002 3116 περὶ
1025 3033 1084 3096 τὸν

15 3321 16 3326 χ
144 3255 296 3309 9ἀλλοιΒ
397 3260 430 3309 10
449 3250 638 3324 ἐχ.ρῶντοΒ
739 3263 769 3310 11
791 3251 1081 3331 ἕτ<αι>ρ<ί>αςΒΙ
1232 3261 1233 3268 ’

15 3327 16 3332 ’
81 3324 297 3397 σνν<ι>όντεςΒ
376 3334 408 3380 12
427 3326 577 3396 γινομένης
595 3326 617 3380 Β
636 3325 788 3397 γενομένης
805 3328 831 3381 R
908 3333 940 3381 15
960 3325 1084 3396 Σπόριος

79 3390 177 3458 Ἰκίλιος
194 3397 344 3465 legendum
363 3413 424 3452 esse
445 3396 567 3465 Sylburg
586 3399 683 3450 censet
746 3404 778 3451 21
798 3405 848 3464 τῆς
866 3413 920 3451 om.
940 3399 985 3450 Ba
1048 3404 1082 3450 22

15 3485 17 3508 ι
83 3465 327 3540 διναο<νι>ὴνΒ
