<?xml version="1.0" encoding="UTF-8"?>
<!DOCTYPE html PUBLIC "-//W3C//DTD XHTML 1.0 Transitional//EN"
    "http://www.w3.org/TR/xhtml1/DTD/xhtml1-transitional.dtd">
<html xmlns="http://www.w3.org/1999/xhtml" xml:lang="en" lang="en">
 <head>
  <title>
</title>
<meta http-equiv="Content-Type" content="text/html;charset=utf-8" />
  <meta name='ocr-system' content='tesseract 3.04.00' />
  <meta name='ocr-capabilities' content='ocr_page ocr_carea ocr_par ocr_line ocrx_word'/>
</head>
<body>
  <div class='ocr_page' id='page_1' title='image "./antiquitatumrom02jacogoog_0134.png"; bbox 0 0 2484 3876; ppageno 0'>
   <div class='ocr_carea' id='block_1_1' title="bbox 502 199 1086 264">
    <p class='ocr_par' dir='ltr' id='par_1_1' title="bbox 502 199 1086 264">
     <span class='ocr_line' id='line_1_1' title="bbox 502 199 1086 264; baseline -0.002 1"><span class='ocrx_word' id='word_1_1' title='bbox 502 205 663 254; x_wconf 78' lang='grc' dir='ltr'><strong><em>-Ζ-</em></strong></span> <span class='ocrx_word' id='word_1_2' title='bbox 1022 199 1086 264; x_wconf 84' lang='grc'><strong><em>105</em></strong></span> 
     </span>
    </p>
   </div>
   <div class='ocr_carea' id='block_1_2' title="bbox 73 359 1089 452">
    <p class='ocr_par' dir='ltr' id='par_1_2' title="bbox 73 359 1089 452">
     <span class='ocr_line' id='line_1_2' title="bbox 73 359 1089 452; baseline -0.004 -21"><span class='ocrx_word' id='word_1_3' title='bbox 73 376 146 443; x_wconf 86' lang='grc' dir='ltr'><strong><em>τοῖς</em></strong></span> <span class='ocrx_word' id='word_1_4' title='bbox 171 364 288 452; x_wconf 79' lang='grc' dir='ltr'><strong><em>ἑτέροις</em></strong></span> <span class='ocrx_word' id='word_1_5' title='bbox 311 363 453 449; x_wconf 80' lang='grc' dir='ltr'><strong><em>ἐγένετο·</em></strong></span> <span class='ocrx_word' id='word_1_6' title='bbox 476 365 645 441; x_wconf 84' lang='grc' dir='ltr'><strong><em>πολιτικὰς</em></strong></span> <span class='ocrx_word' id='word_1_7' title='bbox 668 359 705 429; x_wconf 69' lang='grc' dir='ltr'><strong><em>δὲ</em></strong></span> <span class='ocrx_word' id='word_1_8' title='bbox 723 363 867 446; x_wconf 77' lang='grc' dir='ltr'><strong><em>κινήσεις</em></strong></span> <span class='ocrx_word' id='word_1_9' title='bbox 885 359 940 428; x_wconf 80' lang='grc' dir='ltr'><strong><em>καὶ</em></strong></span> <span class='ocrx_word' id='word_1_10' title='bbox 959 361 1089 440; x_wconf 90' lang='grc' dir='ltr'><strong><em>στάσεις</em></strong></span> 
     </span>
    </p>
   </div>
   <div class='ocr_carea' id='block_1_3' title="bbox 5 467 1129 3100">
    <p class='ocr_par' dir='ltr' id='par_1_3' title="bbox 5 467 1129 2678">
     <span class='ocr_line' id='line_1_3' title="bbox 71 467 1088 557; baseline -0.001 -21"><span class='ocrx_word' id='word_1_11' title='bbox 71 470 321 557; x_wconf 73' lang='grc' dir='ltr'><em>ἀναγράφοντες</em></span> <span class='ocrx_word' id='word_1_12' title='bbox 348 471 409 538; x_wconf 85' lang='grc' dir='ltr'><strong><em>οὐκ</em></strong></span> <span class='ocrx_word' id='word_1_13' title='bbox 436 477 564 538; x_wconf 87' lang='grc' dir='ltr'><strong><em>οῖονται</em></strong></span> <span class='ocrx_word' id='word_1_14' title='bbox 591 472 664 535; x_wconf 88' lang='grc' dir='ltr'><strong><em>δεῖν</em></strong></span> <span class='ocrx_word' id='word_1_15' title='bbox 691 467 910 553; x_wconf 74' lang='grc' dir='ltr'><strong><em>ἀπαγγέλλειν</em></strong></span> <span class='ocrx_word' id='word_1_16' title='bbox 931 471 1010 546; x_wconf 87' lang='grc' dir='ltr'><strong><em>τοὺς</em></strong></span> <span class='ocrx_word' id='word_1_17' title='bbox 1033 471 1088 536; x_wconf 87' lang='grc' dir='ltr'><strong><em>λό-</em></strong></span> 
     </span>
     <span class='ocr_line' id='line_1_4' title="bbox 14 571 1087 664; baseline -0.002 -22"><span class='ocrx_word' id='word_1_18' title='bbox 14 596 166 661; x_wconf 74' lang='grc' dir='ltr'><strong><em>ιιιεγους,</em></strong></span> <span class='ocrx_word' id='word_1_19' title='bbox 188 575 231 643; x_wconf 85' lang='grc' dir='ltr'><strong><em>δι’</em></strong></span> <span class='ocrx_word' id='word_1_20' title='bbox 255 572 303 642; x_wconf 80' lang='grc' dir='ltr'><strong><em>ὧν</em></strong></span> <span class='ocrx_word' id='word_1_21' title='bbox 326 578 364 642; x_wconf 88' lang='grc' dir='ltr'><strong><em>αί</em></strong></span> <span class='ocrx_word' id='word_1_22' title='bbox 382 575 565 664; x_wconf 72' lang='grc' dir='ltr'><strong><em>παράδοξοι</em></strong></span> <span class='ocrx_word' id='word_1_23' title='bbox 587 571 643 640; x_wconf 79' lang='grc' dir='ltr'><strong><em>καὶ</em></strong></span> <span class='ocrx_word' id='word_1_24' title='bbox 663 573 855 660; x_wconf 80' lang='grc' dir='ltr'><strong><em>θαυμασταὶ</em></strong></span> <span class='ocrx_word' id='word_1_25' title='bbox 876 575 1010 660; x_wconf 82' lang='grc' dir='ltr'><strong><em>πράξεις</em></strong></span> <span class='ocrx_word' id='word_1_26' title='bbox 1032 573 1087 640; x_wconf 77' lang='grc' dir='ltr'><strong><em>ἐπ-</em></strong></span> 
     </span>
     <span class='ocr_line' id='line_1_5' title="bbox 68 679 1124 769; baseline 0.001 -21"><span class='ocrx_word' id='word_1_27' title='bbox 68 683 305 768; x_wconf 83' lang='grc' dir='ltr'><strong><em>ετελέσθησαν.</em></strong></span> <span class='ocrx_word' id='word_1_28' title='bbox 341 688 373 750; x_wconf 89' lang='grc' dir='ltr'><strong><em>εί</em></strong></span> <span class='ocrx_word' id='word_1_29' title='bbox 394 683 458 769; x_wconf 89' lang='grc' dir='ltr'><strong><em>γάρ</em></strong></span> <span class='ocrx_word' id='word_1_30' title='bbox 481 707 513 748; x_wconf 99' lang='grc' dir='ltr'><strong><em>τι</em></strong></span> <span class='ocrx_word' id='word_1_31' title='bbox 531 679 587 748; x_wconf 82' lang='grc' dir='ltr'><strong><em>καὶ</em></strong></span> <span class='ocrx_word' id='word_1_32' title='bbox 605 683 687 748; x_wconf 84' lang='grc' dir='ltr'><strong><em>άλλο</em></strong></span> <span class='ocrx_word' id='word_1_33' title='bbox 704 690 762 764; x_wconf 78' lang='grc' dir='ltr'><strong><em>τῆς</em></strong></span> <span class='ocrx_word' id='word_1_34' title='bbox 774 679 944 766; x_wconf 82' lang='grc' dir='ltr'><strong><em>Ῥωμαίων</em></strong></span> <span class='ocrx_word' id='word_1_35' title='bbox 962 684 1124 760; x_wconf 85' lang='grc' dir='ltr'><strong><em>πόλεως4</em></strong></span> 
     </span>
     <span class='ocr_line' id='line_1_6' title="bbox 68 785 1129 876; baseline -0.002 -20"><span class='ocrx_word' id='word_1_36' title='bbox 68 788 153 876; x_wconf 81' lang='grc' dir='ltr'><strong><em>μέγα</em></strong></span> <span class='ocrx_word' id='word_1_37' title='bbox 171 790 338 876; x_wconf 80' lang='grc' dir='ltr'><strong><em>ἐγκώμιόν</em></strong></span> <span class='ocrx_word' id='word_1_38' title='bbox 357 786 500 856; x_wconf 76' lang='grc' dir='ltr'><strong><em>ἐστικαὶ</em></strong></span> <span class='ocrx_word' id='word_1_39' title='bbox 520 791 701 874; x_wconf 76' lang='grc' dir='ltr'><strong><em>ζηλοῦσθαι</em></strong></span> <span class='ocrx_word' id='word_1_40' title='bbox 719 788 784 854; x_wconf 85' lang='grc' dir='ltr'><strong><em>ὑπὸ</em></strong></span> <span class='ocrx_word' id='word_1_41' title='bbox 802 787 937 854; x_wconf 85' lang='grc' dir='ltr'><strong><em>πάντων</em></strong></span> <span class='ocrx_word' id='word_1_42' title='bbox 956 785 1088 870; x_wconf 82' lang='grc' dir='ltr'><strong><em>ἀνθρώ·</em></strong></span> <span class='ocrx_word' id='word_1_43' title='bbox 1116 812 1129 854; x_wconf 84' lang='grc' dir='ltr'><strong><em>ε</em></strong></span> 
     </span>
     <span class='ocr_line' id='line_1_7' title="bbox 66 891 1088 980; baseline -0.002 -20"><span class='ocrx_word' id='word_1_44' title='bbox 66 919 140 962; x_wconf 85' lang='grc' dir='ltr'><strong><em>πων</em></strong></span> <span class='ocrx_word' id='word_1_45' title='bbox 163 896 261 975; x_wconf 86' lang='grc' dir='ltr'><strong><em>άξιον</em></strong></span> <span class='ocrx_word' id='word_1_46' title='bbox 282 895 416 963; x_wconf 87' lang='grc' dir='ltr'><strong><em>κάκεῖνο</em></strong></span> <span class='ocrx_word' id='word_1_47' title='bbox 440 893 569 979; x_wconf 80' lang='grc' dir='ltr'><strong><em>ἐγένετο</em></strong></span> <span class='ocrx_word' id='word_1_48' title='bbox 592 891 661 960; x_wconf 87' lang='grc' dir='ltr'><strong><em>κατ’</em></strong></span> <span class='ocrx_word' id='word_1_49' title='bbox 685 893 768 980; x_wconf 77' lang='grc' dir='ltr'><strong><em>ἐμὴν</em></strong></span> <span class='ocrx_word' id='word_1_50' title='bbox 792 893 894 972; x_wconf 82' lang='grc' dir='ltr'><strong><em>δόξαν</em></strong></span> <span class='ocrx_word' id='word_1_51' title='bbox 916 895 954 959; x_wconf 90' lang='grc' dir='ltr'><strong><em>τὸ</em></strong></span> <span class='ocrx_word' id='word_1_52' title='bbox 978 895 1088 978; x_wconf 81' lang='grc' dir='ltr'><strong><em>ἔργον,</em></strong></span> 
     </span>
     <span class='ocr_line' id='line_1_8' title="bbox 65 998 1089 1086; baseline -0.002 -18"><span class='ocrx_word' id='word_1_53' title='bbox 65 1007 196 1086; x_wconf 83' lang='grc' dir='ltr'><strong><em>μᾶλλον</em></strong></span> <span class='ocrx_word' id='word_1_54' title='bbox 229 1000 263 1070; x_wconf 88' lang='grc' dir='ltr'><strong><em>δ’</em></strong></span> <span class='ocrx_word' id='word_1_55' title='bbox 298 998 382 1086; x_wconf 69' lang='grc' dir='ltr'><strong><em>ὑπὲρ</em></strong></span> <span class='ocrx_word' id='word_1_56' title='bbox 414 1002 542 1068; x_wconf 78' lang='grc' dir='ltr'><strong><em>ἅπαντα</em></strong></span> <span class='ocrx_word' id='word_1_57' title='bbox 574 1002 681 1067; x_wconf 83' lang='grc' dir='ltr'><strong><em>πολλά</em></strong></span> <span class='ocrx_word' id='word_1_58' title='bbox 712 998 768 1066; x_wconf 81' lang='grc' dir='ltr'><strong><em>καὶ</em></strong></span> <span class='ocrx_word' id='word_1_59' title='bbox 798 999 976 1084; x_wconf 80' lang='grc' dir='ltr'><strong><em>θαυμαστά</em></strong></span> <span class='ocrx_word' id='word_1_60' title='bbox 1008 1001 1089 1066; x_wconf 82' lang='grc' dir='ltr'><strong><em>ὄντα</em></strong></span> 
     </span>
     <span class='ocr_line' id='line_1_9' title="bbox 64 1107 1088 1194; baseline 0 -22"><span class='ocrx_word' id='word_1_61' title='bbox 64 1111 312 1194; x_wconf 85' lang='grc' dir='ltr'><strong><em>λαμπρότατον,</em></strong></span> <span class='ocrx_word' id='word_1_62' title='bbox 335 1111 373 1174; x_wconf 90' lang='grc' dir='ltr'><strong><em>τὸ</em></strong></span> <span class='ocrx_word' id='word_1_63' title='bbox 395 1111 475 1194; x_wconf 84' lang='grc' dir='ltr'><strong><em>μήτε</em></strong></span> <span class='ocrx_word' id='word_1_64' title='bbox 498 1110 577 1184; x_wconf 83' lang='grc' dir='ltr'><strong><em>τοὺς</em></strong></span> <span class='ocrx_word' id='word_1_65' title='bbox 600 1109 799 1192; x_wconf 83' lang='grc' dir='ltr'><strong><em>δημοτικοὺς</em></strong></span> <span class='ocrx_word' id='word_1_66' title='bbox 816 1107 1088 1191; x_wconf 79' lang='grc' dir='ltr'><strong><em>καταφρονήσαν-</em></strong></span> 
     </span>
     <span class='ocr_line' id='line_1_10' title="bbox 62 1210 1088 1299; baseline -0.002 -19"><span class='ocrx_word' id='word_1_67' title='bbox 62 1238 120 1291; x_wconf 90' lang='grc' dir='ltr'><strong><em>τας</em></strong></span> <span class='ocrx_word' id='word_1_68' title='bbox 138 1226 210 1280; x_wconf 81' lang='grc' dir='ltr'><strong><em>τῶν</em></strong></span> <span class='ocrx_word' id='word_1_69' title='bbox 229 1217 412 1298; x_wconf 76' lang='grc' dir='ltr'><strong><em>πατρικίων</em></strong></span> <span class='ocrx_word' id='word_1_70' title='bbox 431 1213 634 1299; x_wconf 77' lang='grc' dir='ltr'><strong><em>ἐπιχειρῆσαι</em></strong></span> <span class='ocrx_word' id='word_1_71' title='bbox 653 1214 777 1298; x_wconf 85' lang='grc' dir='ltr'><strong><em>αὐτοῖς,</em></strong></span> <span class='ocrx_word' id='word_1_72' title='bbox 795 1210 850 1279; x_wconf 78' lang='grc' dir='ltr'><strong><em>καὶ</em></strong></span> <span class='ocrx_word' id='word_1_73' title='bbox 867 1215 976 1279; x_wconf 86' lang='grc' dir='ltr'><strong><em>πολὺν</em></strong></span> <span class='ocrx_word' id='word_1_74' title='bbox 993 1211 1088 1298; x_wconf 81' lang='grc' dir='ltr'><strong><em>ἐργα-</em></strong></span> 
     </span>
     <span class='ocr_line' id='line_1_11' title="bbox 62 1318 1128 1406; baseline 0 -20"><span class='ocrx_word' id='word_1_75' title='bbox 62 1320 233 1406; x_wconf 81' lang='grc' dir='ltr'><strong><em>σαμένους</em></strong></span> <span class='ocrx_word' id='word_1_76' title='bbox 252 1331 319 1386; x_wconf 80' lang='grc' dir='ltr'><strong><em>τῶν</em></strong></span> <span class='ocrx_word' id='word_1_77' title='bbox 337 1323 521 1406; x_wconf 85' lang='grc' dir='ltr'><strong><em>κρατίστων</em></strong></span> <span class='ocrx_word' id='word_1_78' title='bbox 538 1322 647 1405; x_wconf 87' lang='grc' dir='ltr'><strong><em>φόνον</em></strong></span> <span class='ocrx_word' id='word_1_79' title='bbox 666 1320 795 1386; x_wconf 78' lang='grc' dir='ltr'><strong><em>ἅπαντα</em></strong></span> <span class='ocrx_word' id='word_1_80' title='bbox 811 1318 972 1386; x_wconf 83' lang='grc' dir='ltr'><strong><em>τάκείνων</em></strong></span> <span class='ocrx_word' id='word_1_81' title='bbox 985 1339 1087 1404; x_wconf 88' lang='grc' dir='ltr'><strong><em>παρα-</em></strong></span> <span class='ocrx_word' id='word_1_82' title='bbox 1102 1345 1128 1386; x_wconf 88' lang='grc' dir='ltr'><strong><em>ιο</em></strong></span> 
     </span>
     <span class='ocr_line' id='line_1_12' title="bbox 61 1423 1089 1511; baseline -0.002 -19"><span class='ocrx_word' id='word_1_83' title='bbox 61 1431 197 1511; x_wconf 80' lang='grc' dir='ltr'><strong><em>λαβεῖν,</em></strong></span> <span class='ocrx_word' id='word_1_84' title='bbox 215 1427 297 1510; x_wconf 80' lang='grc' dir='ltr'><strong><em>μήτε</em></strong></span> <span class='ocrx_word' id='word_1_85' title='bbox 316 1428 394 1502; x_wconf 84' lang='grc' dir='ltr'><strong><em>τοὺς</em></strong></span> <span class='ocrx_word' id='word_1_86' title='bbox 412 1424 449 1491; x_wconf 78' lang='grc' dir='ltr'><strong><em>ἐν</em></strong></span> <span class='ocrx_word' id='word_1_87' title='bbox 467 1436 537 1502; x_wconf 89' lang='grc' dir='ltr'><strong><em>τοῖς</em></strong></span> <span class='ocrx_word' id='word_1_88' title='bbox 554 1424 737 1510; x_wconf 81' lang='grc' dir='ltr'><strong><em>ἀξιώμασιν</em></strong></span> <span class='ocrx_word' id='word_1_89' title='bbox 756 1423 777 1510; x_wconf 76' lang='grc' dir='ltr'><strong><em>ἢ</em></strong></span> <span class='ocrx_word' id='word_1_90' title='bbox 796 1425 852 1492; x_wconf 80' lang='grc' dir='ltr'><strong><em>διὰ</em></strong></span> <span class='ocrx_word' id='word_1_91' title='bbox 870 1435 965 1510; x_wconf 76' lang='grc' dir='ltr'><strong><em>σφῶν</em></strong></span> <span class='ocrx_word' id='word_1_92' title='bbox 979 1425 1089 1491; x_wconf 83' lang='grc' dir='ltr'><strong><em>αὐτῶν</em></strong></span> 
     </span>
     <span class='ocr_line' id='line_1_13' title="bbox 60 1530 1089 1619; baseline -0.003 -21"><span class='ocrx_word' id='word_1_93' title='bbox 60 1532 79 1616; x_wconf 80' lang='grc' dir='ltr'>ἢ</span> <span class='ocrx_word' id='word_1_94' title='bbox 102 1533 258 1611; x_wconf 79' lang='grc' dir='ltr'><strong><em>ξενικαῖς</em></strong></span> <span class='ocrx_word' id='word_1_95' title='bbox 280 1531 483 1619; x_wconf 78' lang='grc' dir='ltr'><strong><em>ἐπικουρίαις</em></strong></span> <span class='ocrx_word' id='word_1_96' title='bbox 504 1530 733 1618; x_wconf 79' lang='grc' dir='ltr'><strong><em>χρησαμένους</em></strong></span> <span class='ocrx_word' id='word_1_97' title='bbox 755 1531 952 1617; x_wconf 90' lang='grc' dir='ltr'><strong><em>διαφθεῖραι</em></strong></span> <span class='ocrx_word' id='word_1_98' title='bbox 974 1533 1012 1597; x_wconf 91' lang='grc' dir='ltr'><strong><em>τὸ</em></strong></span> <span class='ocrx_word' id='word_1_99' title='bbox 1031 1530 1089 1613; x_wconf 91' lang='grc' dir='ltr'><strong><em>δη-</em></strong></span> 
     </span>
     <span class='ocr_line' id='line_1_14' title="bbox 58 1635 1087 1723; baseline -0.004 -18"><span class='ocrx_word' id='word_1_100' title='bbox 58 1642 206 1723; x_wconf 88' lang='grc' dir='ltr'><strong><em>μοτικὸν</em></strong></span> <span class='ocrx_word' id='word_1_101' title='bbox 236 1639 325 1704; x_wconf 82' lang='grc' dir='ltr'><strong><em>άπαν</em></strong></span> <span class='ocrx_word' id='word_1_102' title='bbox 351 1635 406 1702; x_wconf 81' lang='grc' dir='ltr'><strong><em>καὶ</em></strong></span> <span class='ocrx_word' id='word_1_103' title='bbox 433 1639 470 1704; x_wconf 88' lang='grc' dir='ltr'><strong><em>τὸ</em></strong></span> <span class='ocrx_word' id='word_1_104' title='bbox 496 1640 614 1704; x_wconf 90' lang='grc' dir='ltr'><strong><em>λοιπὸν</em></strong></span> <span class='ocrx_word' id='word_1_105' title='bbox 636 1639 741 1704; x_wconf 91' lang='grc' dir='ltr'><strong><em>οίκεῖν</em></strong></span> <span class='ocrx_word' id='word_1_106' title='bbox 763 1635 870 1714; x_wconf 85' lang='grc' dir='ltr'><strong><em>ἀδεῶς</em></strong></span> <span class='ocrx_word' id='word_1_107' title='bbox 891 1637 953 1720; x_wconf 80' lang='grc' dir='ltr'><strong><em>τὴν</em></strong></span> <span class='ocrx_word' id='word_1_108' title='bbox 974 1639 1087 1702; x_wconf 87' lang='grc' dir='ltr'><strong><em>πόλιν·</em></strong></span> 
     </span>
     <span class='ocr_line' id='line_1_15' title="bbox 58 1740 1123 1829; baseline -0.002 -19"><span class='ocrx_word' id='word_1_109' title='bbox 58 1740 133 1811; x_wconf 83' lang='grc' dir='ltr'><strong><em>ἀλλ’</em></strong></span> <span class='ocrx_word' id='word_1_110' title='bbox 164 1745 282 1828; x_wconf 78' lang='grc' dir='ltr'><strong><em>ὥσπερ</em></strong></span> <span class='ocrx_word' id='word_1_111' title='bbox 310 1742 476 1828; x_wconf 84' lang='grc' dir='ltr'><strong><em>ἀδελφοὺς</em></strong></span> <span class='ocrx_word' id='word_1_112' title='bbox 504 1742 662 1829; x_wconf 82' lang='grc' dir='ltr'><strong><em>ἀδελφοῖς</em></strong></span> <span class='ocrx_word' id='word_1_113' title='bbox 683 1743 704 1827; x_wconf 80' lang='grc' dir='ltr'><strong><em>ἣ</em></strong></span> <span class='ocrx_word' id='word_1_114' title='bbox 726 1744 848 1822; x_wconf 87' lang='grc' dir='ltr'><strong><em>παῖδας</em></strong></span> <span class='ocrx_word' id='word_1_115' title='bbox 870 1749 1027 1826; x_wconf 84' lang='grc' dir='ltr'><strong><em>γονεῦσιν</em></strong></span> <span class='ocrx_word' id='word_1_116' title='bbox 1051 1742 1123 1817; x_wconf 76' lang='grc' dir='ltr'><strong><em>ἐν5</em></strong></span> 
     </span>
     <span class='ocr_line' id='line_1_16' title="bbox 58 1841 1127 1940; baseline -0.002 -22"><span class='ocrx_word' id='word_1_117' title='bbox 58 1854 149 1940; x_wconf 81' lang='grc' dir='ltr'><strong><em>οἰκίᾳ</em></strong></span> <span class='ocrx_word' id='word_1_118' title='bbox 177 1850 333 1935; x_wconf 80' lang='grc' dir='ltr'><strong><em>σώφρονι</em></strong></span> <span class='ocrx_word' id='word_1_119' title='bbox 355 1847 431 1935; x_wconf 78' lang='grc' dir='ltr'><strong><em>περὶ</em></strong></span> <span class='ocrx_word' id='word_1_120' title='bbox 453 1858 520 1916; x_wconf 80' lang='grc' dir='ltr'><strong><em>τῶν</em></strong></span> <span class='ocrx_word' id='word_1_121' title='bbox 545 1855 627 1915; x_wconf 84' lang='grc' dir='ltr'><strong><em>ῖσιον</em></strong></span> <span class='ocrx_word' id='word_1_122' title='bbox 650 1841 749 1933; x_wconf 78' lang='grc' dir='ltr'><strong><em>(καὶ)Ι</em></strong></span> <span class='ocrx_word' id='word_1_123' title='bbox 773 1849 912 1915; x_wconf 84' lang='grc' dir='ltr'><strong><em>δικαίων</em></strong></span> <span class='ocrx_word' id='word_1_124' title='bbox 936 1850 1087 1932; x_wconf 87' lang='grc' dir='ltr'><strong><em>διαλεγο·</em></strong></span> <span class='ocrx_word' id='word_1_125' title='bbox 1102 1875 1127 1916; x_wconf 80' lang='grc' dir='ltr'><strong><em>ιι</em></strong></span> 
     </span>
     <span class='ocr_line' id='line_1_17' title="bbox 57 1953 1088 2044; baseline -0.002 -20"><span class='ocrx_word' id='word_1_126' title='bbox 57 1955 189 2042; x_wconf 78' lang='grc' dir='ltr'><strong><em>μένους</em></strong></span> <span class='ocrx_word' id='word_1_127' title='bbox 207 1962 323 2022; x_wconf 85' lang='grc' dir='ltr'><strong><em>πενθοῖ</em></strong></span> <span class='ocrx_word' id='word_1_128' title='bbox 340 1953 395 2022; x_wconf 80' lang='grc' dir='ltr'><strong><em>καί</em></strong></span> <span class='ocrx_word' id='word_1_129' title='bbox 413 1959 502 2044; x_wconf 77' lang='grc' dir='ltr'><strong><em>λόγῳ</em></strong></span> <span class='ocrx_word' id='word_1_130' title='bbox 517 1956 716 2022; x_wconf 77' lang='grc' dir='ltr'><strong><em>διαλύεσθαι</em></strong></span> <span class='ocrx_word' id='word_1_131' title='bbox 729 1955 769 2021; x_wconf 80' lang='grc' dir='ltr'><strong><em>τά</em></strong></span> <span class='ocrx_word' id='word_1_132' title='bbox 783 1959 887 2041; x_wconf 92' lang='grc' dir='ltr'><strong><em>νείκη,</em></strong></span> <span class='ocrx_word' id='word_1_133' title='bbox 905 1953 1088 2040; x_wconf 79' lang='grc' dir='ltr'><strong><em>ἀνήκεστον</em></strong></span> 
     </span>
     <span class='ocr_line' id='line_1_18' title="bbox 56 2056 1089 2150; baseline 0 -22"><span class='ocrx_word' id='word_1_134' title='bbox 56 2062 86 2128; x_wconf 90' lang='grc' dir='ltr'><strong><em>δ’</em></strong></span> <span class='ocrx_word' id='word_1_135' title='bbox 107 2064 130 2150; x_wconf 75' lang='grc' dir='ltr'><em>ἢ</em></span> <span class='ocrx_word' id='word_1_136' title='bbox 158 2062 306 2128; x_wconf 87' lang='grc' dir='ltr'><strong><em>ἀνόσιον</em></strong></span> <span class='ocrx_word' id='word_1_137' title='bbox 324 2063 422 2150; x_wconf 85' lang='grc' dir='ltr'><strong><em>ἔργον</em></strong></span> <span class='ocrx_word' id='word_1_138' title='bbox 441 2057 550 2146; x_wconf 74' lang='grc' dir='ltr'><strong><em>μηθὲν</em></strong></span> <span class='ocrx_word' id='word_1_139' title='bbox 568 2061 745 2146; x_wconf 85' lang='grc' dir='ltr'><strong><em>ὑπομεῖναι</em></strong></span> <span class='ocrx_word' id='word_1_140' title='bbox 763 2062 883 2147; x_wconf 84' lang='grc' dir='ltr'><strong><em>δρᾶσαι</em></strong></span> <span class='ocrx_word' id='word_1_141' title='bbox 902 2056 972 2128; x_wconf 90' lang='grc' dir='ltr'><strong><em>κατ’</em></strong></span> <span class='ocrx_word' id='word_1_142' title='bbox 989 2061 1089 2148; x_wconf 80' lang='grc' dir='ltr'><strong><em>ἀλλη-</em></strong></span> 
     </span>
     <span class='ocr_line' id='line_1_19' title="bbox 57 2159 1088 2253; baseline 0 -19"><span class='ocrx_word' id='word_1_143' title='bbox 57 2175 140 2236; x_wconf 78' lang='grc' dir='ltr'><strong><em>λων·</em></strong></span> <span class='ocrx_word' id='word_1_144' title='bbox 180 2159 238 2234; x_wconf 84' lang='grc' dir='ltr'><strong><em>οἷα</em></strong></span> <span class='ocrx_word' id='word_1_145' title='bbox 261 2170 467 2253; x_wconf 88' lang='grc' dir='ltr'><strong><em>Κερκυραῖοί</em></strong></span> <span class='ocrx_word' id='word_1_146' title='bbox 490 2189 525 2232; x_wconf 83' lang='grc' dir='ltr'><strong><em>τε</em></strong></span> <span class='ocrx_word' id='word_1_147' title='bbox 553 2168 635 2233; x_wconf 80' lang='grc' dir='ltr'><strong><em>κατὰ</em></strong></span> <span class='ocrx_word' id='word_1_148' title='bbox 662 2168 723 2251; x_wconf 76' lang='grc' dir='ltr'><strong><em>τὴν</em></strong></span> <span class='ocrx_word' id='word_1_149' title='bbox 751 2168 868 2233; x_wconf 80' lang='grc' dir='ltr'><strong><em>στάσιν</em></strong></span> <span class='ocrx_word' id='word_1_150' title='bbox 890 2168 1088 2253; x_wconf 81' lang='grc' dir='ltr'><strong><em>εἰργάσαντο</em></strong></span> 
     </span>
     <span class='ocr_line' id='line_1_20' title="bbox 56 2270 1089 2358; baseline -0.004 -16"><span class='ocrx_word' id='word_1_151' title='bbox 56 2275 111 2342; x_wconf 81' lang='grc' dir='ltr'><strong><em>καὶ</em></strong></span> <span class='ocrx_word' id='word_1_152' title='bbox 126 2275 285 2358; x_wconf 87' lang='grc' dir='ltr'><strong><em>Ἀργεῖοι</em></strong></span> <span class='ocrx_word' id='word_1_153' title='bbox 303 2272 359 2339; x_wconf 79' lang='grc' dir='ltr'><strong><em>καὶ</em></strong></span> <span class='ocrx_word' id='word_1_154' title='bbox 376 2274 541 2355; x_wconf 82' lang='grc' dir='ltr'><strong><em>Μιλήσιοι</em></strong></span> <span class='ocrx_word' id='word_1_155' title='bbox 558 2271 614 2339; x_wconf 79' lang='grc' dir='ltr'><strong><em>καὶ</em></strong></span> <span class='ocrx_word' id='word_1_156' title='bbox 632 2276 771 2340; x_wconf 87' lang='grc' dir='ltr'><strong><em>Σικελία</em></strong></span> <span class='ocrx_word' id='word_1_157' title='bbox 789 2283 878 2340; x_wconf 85' lang='grc' dir='ltr'><strong><em>πᾶσα</em></strong></span> <span class='ocrx_word' id='word_1_158' title='bbox 896 2270 951 2338; x_wconf 78' lang='grc' dir='ltr'><strong><em>καὶ</em></strong></span> <span class='ocrx_word' id='word_1_159' title='bbox 968 2272 1089 2358; x_wconf 80' lang='grc' dir='ltr'><strong><em>συχναὶ</em></strong></span> 
     </span>
     <span class='ocr_line' id='line_1_21' title="bbox 56 2374 1128 2464; baseline -0.002 -16"><span class='ocrx_word' id='word_1_160' title='bbox 56 2383 161 2448; x_wconf 88' lang='grc' dir='ltr'><strong><em>άλλαι</em></strong></span> <span class='ocrx_word' id='word_1_161' title='bbox 198 2383 321 2458; x_wconf 75' lang='grc' dir='ltr'><strong><em>πόλεις.</em></strong></span> <span class='ocrx_word' id='word_1_162' title='bbox 373 2379 437 2464; x_wconf 78' lang='grc' dir='ltr'><strong><em>ἐγὼ</em></strong></span> <span class='ocrx_word' id='word_1_163' title='bbox 469 2375 530 2464; x_wconf 68' lang='grc' dir='ltr'><strong><em>μὲν</em></strong></span> <span class='ocrx_word' id='word_1_164' title='bbox 564 2374 626 2446; x_wconf 87' lang='grc' dir='ltr'><strong><em>οὖν</em></strong></span> <span class='ocrx_word' id='word_1_165' title='bbox 659 2380 715 2445; x_wconf 83' lang='grc' dir='ltr'><strong><em>διά</em></strong></span> <span class='ocrx_word' id='word_1_166' title='bbox 746 2389 849 2446; x_wconf 89' lang='grc' dir='ltr'><strong><em>ταῦτα</em></strong></span> <span class='ocrx_word' id='word_1_167' title='bbox 885 2381 1088 2463; x_wconf 78' lang='grc' dir='ltr'><strong><em>προειλόμην</em></strong></span> <span class='ocrx_word' id='word_1_168' title='bbox 1102 2406 1128 2446; x_wconf 79' lang='grc' dir='ltr'><strong><em>εο</em></strong></span> 
     </span>
     <span class='ocr_line' id='line_1_22' title="bbox 5 2484 1088 2580; baseline -0.003 -28"><span class='ocrx_word' id='word_1_169' title='bbox 5 2484 309 2580; x_wconf 73' lang='grc' dir='ltr'><strong><em>ιειεάκριβεστέραν</em></strong></span> <span class='ocrx_word' id='word_1_170' title='bbox 340 2490 468 2570; x_wconf 83' lang='grc' dir='ltr'><strong><em>μᾶλλον</em></strong></span> <span class='ocrx_word' id='word_1_171' title='bbox 500 2484 520 2568; x_wconf 79' lang='grc' dir='ltr'><strong>ἦ</strong></span> <span class='ocrx_word' id='word_1_172' title='bbox 552 2485 760 2571; x_wconf 82' lang='grc' dir='ltr'><strong><em>βραχυτέραν</em></strong></span> <span class='ocrx_word' id='word_1_173' title='bbox 790 2487 995 2569; x_wconf 82' lang='grc' dir='ltr'><strong><em>ποιήσασθαι</em></strong></span> <span class='ocrx_word' id='word_1_174' title='bbox 1027 2485 1088 2568; x_wconf 80' lang='grc' dir='ltr'><strong><em>τὴν</em></strong></span> 
     </span>
     <span class='ocr_line' id='line_1_23' title="bbox 56 2588 870 2678; baseline -0.005 -18"><span class='ocrx_word' id='word_1_175' title='bbox 56 2596 242 2678; x_wconf 83' lang='grc' dir='ltr'><strong><em>διήγησιν·</em></strong></span> <span class='ocrx_word' id='word_1_176' title='bbox 266 2589 403 2678; x_wconf 79' lang='grc' dir='ltr'><strong><em>κρινέτω</em></strong></span> <span class='ocrx_word' id='word_1_177' title='bbox 428 2588 457 2656; x_wconf 88' lang='grc' dir='ltr'><strong><em>δ’</em></strong></span> <span class='ocrx_word' id='word_1_178' title='bbox 482 2590 616 2668; x_wconf 79' lang='grc' dir='ltr'><strong><em>ἕκαστος</em></strong></span> <span class='ocrx_word' id='word_1_179' title='bbox 640 2592 684 2668; x_wconf 79' lang='grc' dir='ltr'><strong><em>ὡς</em></strong></span> <span class='ocrx_word' id='word_1_180' title='bbox 707 2593 870 2676; x_wconf 88' lang='grc' dir='ltr'><strong><em>βούλεται.</em></strong></span> 
     </span>
    </p>

    <p class='ocr_par' dir='ltr' id='par_1_4' title="bbox 56 2693 1128 3100">
     <span class='ocr_line' id='line_1_24' title="bbox 123 2693 1088 2782; baseline 0.001 -18"><span class='ocrx_word' id='word_1_181' title='bbox 123 2696 272 2764; x_wconf 88' lang='lat' dir='ltr'><strong>LXVII.</strong></span> <span class='ocrx_word' id='word_1_182' title='bbox 300 2701 379 2764; x_wconf 86' lang='grc' dir='ltr'><strong><em>Τότε</em></strong></span> <span class='ocrx_word' id='word_1_183' title='bbox 404 2694 435 2762; x_wconf 85' lang='grc' dir='ltr'><strong><em>δ’</em></strong></span> <span class='ocrx_word' id='word_1_184' title='bbox 458 2693 521 2764; x_wconf 82' lang='grc' dir='ltr'><strong><em>οὖν</em></strong></span> <span class='ocrx_word' id='word_1_185' title='bbox 543 2707 601 2781; x_wconf 80' lang='grc' dir='ltr'><strong><em>τῆς</em></strong></span> <span class='ocrx_word' id='word_1_186' title='bbox 623 2699 718 2782; x_wconf 85' lang='grc' dir='ltr'><strong><em>δίκης</em></strong></span> <span class='ocrx_word' id='word_1_187' title='bbox 739 2707 837 2764; x_wconf 89' lang='grc' dir='ltr'><strong><em>τοῦτο</em></strong></span> <span class='ocrx_word' id='word_1_188' title='bbox 861 2697 1028 2782; x_wconf 82' lang='grc' dir='ltr'><strong><em>λαβούσης</em></strong></span> <span class='ocrx_word' id='word_1_189' title='bbox 1050 2701 1088 2765; x_wconf 89' lang='grc' dir='ltr'><strong><em>τὸ</em></strong></span> 
     </span>
     <span class='ocr_line' id='line_1_25' title="bbox 56 2798 1088 2888; baseline 0.001 -17"><span class='ocrx_word' id='word_1_190' title='bbox 56 2806 157 2882; x_wconf 81' lang='grc' dir='ltr'><strong><em>τέλος</em></strong></span> <span class='ocrx_word' id='word_1_191' title='bbox 195 2803 214 2869; x_wconf 86' lang='grc' dir='ltr'><strong><em>δ</em></strong></span> <span class='ocrx_word' id='word_1_192' title='bbox 248 2798 308 2886; x_wconf 74' lang='grc' dir='ltr'><strong><em>μὲν</em></strong></span> <span class='ocrx_word' id='word_1_193' title='bbox 341 2804 445 2887; x_wconf 74' lang='grc' dir='ltr'><strong><em>δῆμος</em></strong></span> <span class='ocrx_word' id='word_1_194' title='bbox 480 2801 641 2868; x_wconf 84' lang='grc' dir='ltr'><strong><em>ἀπελύετο</em></strong></span> <span class='ocrx_word' id='word_1_195' title='bbox 677 2804 909 2887; x_wconf 82' lang='grc' dir='ltr'><strong><em>προσειληφὼς</em></strong></span> <span class='ocrx_word' id='word_1_196' title='bbox 945 2802 1088 2888; x_wconf 87' lang='grc' dir='ltr'><strong><em>ἀνόητον</em></strong></span> 
     </span>
     <span class='ocr_line' id='line_1_26' title="bbox 58 2905 1128 2998; baseline 0.001 -21"><span class='ocrx_word' id='word_1_197' title='bbox 58 2914 202 2998; x_wconf 78' lang='grc' dir='ltr'><strong><em>αὔχημα</em></strong></span> <span class='ocrx_word' id='word_1_198' title='bbox 231 2907 285 2974; x_wconf 82' lang='grc' dir='ltr'><strong><em>καὶ</em></strong></span> <span class='ocrx_word' id='word_1_199' title='bbox 311 2905 538 2995; x_wconf 77' lang='grc' dir='ltr'><strong><em>καθηρηκίναι</em></strong></span> <span class='ocrx_word' id='word_1_200' title='bbox 562 2910 625 2992; x_wconf 76' lang='grc' dir='ltr'><strong><em>τὴν</em></strong></span> <span class='ocrx_word' id='word_1_201' title='bbox 647 2907 901 2994; x_wconf 85' lang='grc' dir='ltr'><strong><em>ἀριστοκρατίαν</em></strong></span> <span class='ocrx_word' id='word_1_202' title='bbox 924 2912 1088 2996; x_wconf 82' lang='grc' dir='ltr'><strong><em>οἰόμενος,</em></strong></span> <span class='ocrx_word' id='word_1_203' title='bbox 1102 2937 1128 2978; x_wconf 81' lang='grc' dir='ltr'><strong><em>εε</em></strong></span> 
     </span>
     <span class='ocr_line' id='line_1_27' title="bbox 58 3012 1089 3100; baseline -0.001 -17"><span class='ocrx_word' id='word_1_204' title='bbox 58 3020 91 3083; x_wconf 84' lang='grc' dir='ltr'><strong><em>οῖ</em></strong></span> <span class='ocrx_word' id='word_1_205' title='bbox 121 3013 168 3083; x_wconf 77' lang='grc' dir='ltr'><strong><em>δὲ</em></strong></span> <span class='ocrx_word' id='word_1_206' title='bbox 199 3017 366 3100; x_wconf 78' lang='grc' dir='ltr'><strong><em>πατρίκιοι</em></strong></span> <span class='ocrx_word' id='word_1_207' title='bbox 394 3025 550 3100; x_wconf 83' lang='grc' dir='ltr'><strong><em>κατηφεῖς</em></strong></span> <span class='ocrx_word' id='word_1_208' title='bbox 577 3036 611 3079; x_wconf 89' lang='grc' dir='ltr'><strong><em>τε</em></strong></span> <span class='ocrx_word' id='word_1_209' title='bbox 639 3012 695 3078; x_wconf 80' lang='grc' dir='ltr'><strong><em>καὶ</em></strong></span> <span class='ocrx_word' id='word_1_210' title='bbox 717 3012 867 3080; x_wconf 80' lang='grc' dir='ltr'><strong><em>ταπεινοῖ</em></strong></span> <span class='ocrx_word' id='word_1_211' title='bbox 890 3013 945 3080; x_wconf 81' lang='grc' dir='ltr'><strong><em>καὶ</em></strong></span> <span class='ocrx_word' id='word_1_212' title='bbox 968 3015 1012 3081; x_wconf 90' lang='grc' dir='ltr'><strong><em>δι’</em></strong></span> <span class='ocrx_word' id='word_1_213' title='bbox 1040 3019 1089 3082; x_wconf 89' lang='grc' dir='ltr'><strong><em>αί-</em></strong></span> 
     </span>
    </p>
   </div>
   <div class='ocr_carea' id='block_1_4' title="bbox 1139 2475 1204 2518">
    <p class='ocr_par' dir='ltr' id='par_1_5' title="bbox 1139 2475 1204 2518">
     <span class='ocr_line' id='line_1_28' title="bbox 1139 2475 1204 2518; baseline 0 -17"><span class='ocrx_word' id='word_1_214' title='bbox 1139 2475 1204 2518; x_wconf 46' lang='grc' dir='ltr'><strong><em>Ἱιηί</em></strong></span> 
     </span>
    </p>
   </div>
   <div class='ocr_carea' id='block_1_5' title="bbox 56 3200 1088 3346">
    <p class='ocr_par' dir='ltr' id='par_1_6' title="bbox 56 3200 1088 3346">
     <span class='ocr_line' id='line_1_29' title="bbox 132 3200 1088 3276; baseline -0.002 -13"><span class='ocrx_word' id='word_1_215' title='bbox 132 3215 151 3263; x_wconf 77' lang='grc' dir='ltr'><strong><em>’ί</em></strong></span> <span class='ocrx_word' id='word_1_216' title='bbox 179 3205 270 3261; x_wconf 78' lang='grc' dir='ltr'><strong><em>πολλὰ</em></strong></span> <span class='ocrx_word' id='word_1_217' title='bbox 289 3204 397 3259; x_wconf 75' lang='grc' dir='ltr'><strong><em>εδδΒ</em></strong></span> <span class='ocrx_word' id='word_1_218' title='bbox 469 3213 485 3261; x_wconf 88' lang='grc'>9</span> <span class='ocrx_word' id='word_1_219' title='bbox 510 3200 751 3276; x_wconf 81' lang='grc' dir='ltr'><strong><em>ἐρχαταμένοιςΒ</em></strong></span> <span class='ocrx_word' id='word_1_220' title='bbox 825 3212 858 3259; x_wconf 82' lang='grc'><strong><em>15</em></strong></span> <span class='ocrx_word' id='word_1_221' title='bbox 884 3208 951 3260; x_wconf 78' lang='grc' dir='ltr'><strong><em>ἴσον</em></strong></span> <span class='ocrx_word' id='word_1_222' title='bbox 970 3207 1088 3261; x_wconf 76' lang='grc' dir='ltr'><strong><em>δικαίαν</em></strong></span> 
     </span>
     <span class='ocr_line' id='line_1_30' title="bbox 56 3275 1088 3346; baseline -0.005 -11"><span class='ocrx_word' id='word_1_223' title='bbox 56 3323 135 3336; x_wconf 89' lang='grc'><strong>....</strong></span> <span class='ocrx_word' id='word_1_224' title='bbox 164 3277 190 3331; x_wconf 91' lang='grc' dir='ltr'><strong>Β</strong></span> <span class='ocrx_word' id='word_1_225' title='bbox 214 3277 264 3331; x_wconf 84' lang='grc' dir='ltr'><strong><em>καῖ</em></strong></span> <span class='ocrx_word' id='word_1_226' title='bbox 286 3276 405 3330; x_wconf 82' lang='grc' dir='ltr'><strong><em>δικαίαν</em></strong></span> <span class='ocrx_word' id='word_1_227' title='bbox 428 3292 451 3331; x_wconf 85' lang='grc' dir='ltr'><strong><em>ο.</em></strong></span> <span class='ocrx_word' id='word_1_228' title='bbox 471 3275 615 3346; x_wconf 77' lang='lat' dir='ltr'>Kiessling</span> <span class='ocrx_word' id='word_1_229' title='bbox 638 3277 705 3329; x_wconf 83' lang='grc' dir='ltr'><strong><em>ῖααν</em></strong></span> <span class='ocrx_word' id='word_1_230' title='bbox 729 3275 783 3329; x_wconf 86' lang='lat' dir='ltr'>del.</span> <span class='ocrx_word' id='word_1_231' title='bbox 803 3275 910 3344; x_wconf 81' lang='lat' dir='ltr'><strong>Kayser</strong></span> <span class='ocrx_word' id='word_1_232' title='bbox 928 3280 999 3329; x_wconf 87' lang='lat' dir='ltr'>Ann.</span> <span class='ocrx_word' id='word_1_233' title='bbox 1018 3276 1088 3344; x_wconf 92' lang='lat' dir='ltr'><strong>phil.</strong></span> 
     </span>
    </p>
   </div>
   <div class='ocr_carea' id='block_1_6' title="bbox 55 3363 1089 3527">
    <p class='ocr_par' dir='ltr' id='par_1_7' title="bbox 55 3363 1089 3527">
     <span class='ocr_line' id='line_1_31' title="bbox 57 3363 1089 3454; baseline -0.005 -12"><span class='ocrx_word' id='word_1_234' title='bbox 57 3393 131 3442; x_wconf 80' lang='grc'>1868</span> <span class='ocrx_word' id='word_1_235' title='bbox 152 3401 185 3454; x_wconf 75' lang='grc' dir='ltr'><strong><em>Ρ.</em></strong></span> <span class='ocrx_word' id='word_1_236' title='bbox 205 3388 258 3438; x_wconf 79' lang='grc'><strong><em>815</em></strong></span> <span class='ocrx_word' id='word_1_237' title='bbox 330 3387 366 3436; x_wconf 74' lang='lat'><strong><em>24</em></strong></span> <span class='ocrx_word' id='word_1_238' title='bbox 383 3380 561 3454; x_wconf 85' lang='grc' dir='ltr'><strong><em>προειληφὼς</em></strong></span> <span class='ocrx_word' id='word_1_239' title='bbox 578 3380 603 3434; x_wconf 87' lang='grc' dir='ltr'>Β</span> <span class='ocrx_word' id='word_1_240' title='bbox 621 3363 838 3449; x_wconf 67' lang='grc' dir='ltr'><strong><em>προῗιληφὼςθ</em></strong></span> <span class='ocrx_word' id='word_1_241' title='bbox 907 3385 940 3434; x_wconf 79' lang='lat'><strong><em>25</em></strong></span> <span class='ocrx_word' id='word_1_242' title='bbox 961 3378 1089 3450; x_wconf 79' lang='grc' dir='ltr'><strong><em>οἰόμενος</em></strong></span> 
     </span>
     <span class='ocr_line' id='line_1_32' title="bbox 55 3453 273 3527; baseline -0.032 -15"><span class='ocrx_word' id='word_1_243' title='bbox 55 3459 79 3512; x_wconf 92' lang='grc' dir='ltr'>Β</span> <span class='ocrx_word' id='word_1_244' title='bbox 99 3455 229 3527; x_wconf 87' lang='grc' dir='ltr'><strong><em>νομίσας</em></strong></span> <span class='ocrx_word' id='word_1_245' title='bbox 246 3453 273 3506; x_wconf 84' lang='lat' dir='ltr'><strong>R</strong></span> 
     </span>
    </p>
   </div>
   <div class='ocr_carea' id='block_1_7' title="bbox 0 0 1246 3876">
    <p class='ocr_par' dir='ltr' id='par_1_8' title="bbox 0 0 1246 3876">
     <span class='ocr_line' id='line_1_33' title="bbox 0 0 1246 3876; baseline 0 7"><span class='ocrx_word' id='word_1_246' title='bbox 0 0 1246 3876; x_wconf 95' lang='lat' dir='ltr'><strong><em> </em></strong></span> 
     </span>
    </p>
   </div>
  </div>
 </body>
</html>
