2496 3878
199 178 241 243 58
624 179 785 228 -z-

198 342 292 428 δήμφ
314 337 390 424 περὶ
413 340 555 423 μηδενὸς
575 341 752 425 χρήματος·
775 338 916 422 μάλιστα
934 335 964 402 δ’
983 338 1060 403 ὅταν
1078 337 1192 422 ὁρῶμεν

197 446 283 530 ὑμᾶς
309 445 373 512 ἀπὸ
401 456 468 512 τῶν
495 448 615 529 βιαίων
641 442 694 510 ἐπὶ
716 445 756 510 τδ
780 446 892 509 δίκαια
914 442 970 510 καὶ
991 447 1067 522 τοὺς
1088 448 1194 527 λόγους

197 554 344 636 ἠκοντας.
377 552 497 635 ταύτης
514 550 665 635 μέντοιγε
683 559 742 634 τῆς
755 552 889 634 γνώμης
903 550 1110 628 ἐπαινοῦντες
1122 550 1194 634 ὑμᾶς

196 661 258 744 τήν
285 659 412 743 βουλήν
440 660 581 742 οἰόμεθα
604 658 677 722 δείν
699 656 796 742 ἄρξαι
817 659 1053 742 προβούλευμα
1074 675 1195 739 ποιησα-

170 765 313 850 εμένήν,
335 767 445 850 ὥσπερ
469 763 558 830 ἐστὶν
580 763 660 848 ἠμῑυ
678 764 828 849 πάτριον.
865 765 1029 829 δύναισθε
1048 760 1078 829 δ’
1095 763 1134 829 διν
1150 761 1196 827 καὶ

161 871 292 938 4αύτοὶ
320 883 418 939 τοῦτο
446 882 642 956 μαρτυρεῖν,
671 871 738 954 ὅτι,
767 869 800 948 έξ
829 865 870 936 οὗ
898 872 997 955 τήνδε
1025 873 1085 955 τήν
1110 875 1196 936 πόλιν

197 982 329 1046 ἔκτισαν
355 977 450 1062 ἠμῶν
478 979 514 1043 ολ
536 980 714 1062 πρόγονοι,
740 987 838 1043 τοῦτο
866 979 903 1043 τὸ
926 976 1025 1062 γέρας
1047 978 1194 1062 ἔχουσαή

196 1086 302 1168 βουλή
323 1083 535 1166 διατετέλεκε,
556 1081 611 1148 καὶ
631 1079 735 1149 οὐδὲν
753 1084 884 1149 πώποτε
903 1083 921 1149 ὁ
941 1084 1057 1168 δῆμος,
1079 1084 1097 1148 ὅ
1114 1107 1142 1148 τι
1159 1085 1195 1166 μή

195 1191 474 1276 προβουλεύσειεν
502 1189 522 1272 ἠ
550 1192 672 1272 βουλή,
700 1187 769 1255 οὔτ’
797 1188 969 1275 ἐπέκρινεν
997 1187 1067 1255 οὔτ’
1092 1189 1196 1272 έπεύή-

157 1315 183 1354 10
196 1312 310 1382 φισεν,
338 1296 399 1380 οὐχ
427 1296 478 1360 ὅτι
504 1305 584 1377 νῦν,
612 1293 683 1361 ἀλλ’
707 1291 780 1362 οὐδ’
803 1294 945 1362 ἐπὶτῶν
968 1295 1130 1380 βασιλέων
1153 1296 1197 1376 [ιδ

197 1401 262 1486 δ’],
290 1399 362 1468 ἀλλ’
389 1403 450 1468 ὅσα
477 1412 522 1490 τῷ
552 1404 716 1492 συνεδρίῳ
740 1402 862 1487 δόξειε,
889 1401 986 1469 ταῦθ’
1009 1405 1048 1469 οί
1066 1407 1198 1486 βασιλεῖς

195 1512 242 1587 είς
273 1512 332 1576 τὸν
364 1511 471 1594 δῆμον
503 1507 697 1594 ἐκφέροντες
729 1509 923 1595 ἐπεκύρουν.
967 1511 1012 1594 μή
1047 1511 1089 1594 δὴ
1116 1505 1193 1574 τοῦτ’

194 1615 393 1700 ἀφαιρεῖσθε
416 1617 453 1681 τὸ
473 1617 604 1681 δίκαιον
622 1615 728 1699 ἡμῶν,
751 1611 834 1700 μηδὲ
853 1615 991 1701 ἀρχαῖον
1009 1619 1113 1682 καλὸν
1130 1618 1198 1689 ἕδος

195 1721 378 1805 ἀφανίζετε·
412 1722 602 1801 διδάξαντες
635 1718 672 1786 δὲ
700 1724 737 1788 τὸ
768 1721 964 1807 συνέδριον,
997 1723 1047 1787 ὅτι
1079 1724 1196 1787 δικαίου

155 1844 180 1884 1⁵
195 1827 309 1892 δεῖσθε
342 1826 397 1892 καὶ
424 1829 559 1914 μετρίου
586 1828 791 1913 πράγματος,
823 1828 874 1893 ὅτι
901 1827 944 1894 ἂν
971 1828 1088 1919 ἐκείνφ
1116 1830 1215 1912 δοκήμλ

193 1933 314 1998 τούτου
337 1936 396 2000 τὸν
420 1935 526 2017 δῆμον
550 1933 741 2013 ἀποδείξατε
762 1935 890 2020 κύριον.

259 2039 460 2105 XXXVIIIL
503 2044 612 2106 Ταῦτα
642 2053 707 2106 τῶν
737 2040 873 2107 ὑπάτων
902 2044 1070 2123 λεγόντοιν
1100 2041 1117 2106 ὁ
1145 2037 1198 2123 μὲν

193 2149 364 2224 Σικίννιος
396 2147 457 2212 οὐκ
487 2147 636 2233 ἠνείχετο
668 2158 735 2212 τῶν
767 2150 877 2231 λόγων
909 2143 989 2213 οὐδὲ
1021 2148 1116 2230 ἠξίου
1145 2148 1198 2229 τήν

193 2255 320 2338 βουλήν
343 2253 481 2329 οὐδενὸς
503 2265 612 2319 ποιεῖν
634 2258 767 2339 κυρίαν·
791 2255 827 2318 οί
847 2249 884 2318 δὲ
907 2255 967 2338 τήν
991 2254 1096 2338 αύτήν
1115 2255 1198 2338 έχον-

154 2378 180 2418 20
193 2383 246 2436 τες
276 2358 429 2438 ἐξουσίαν
460 2359 575 2450 ἐκείνῳ
604 2364 729 2426 Δεκίου
757 2361 872 2446 γνύμή
899 2361 1101 2445 χρησάμενοι
1129 2377 1200 2424 συν-

193 2468 341 2552 εχώρουν
368 2465 527 2550 γενέσθαι
553 2469 590 2533 τὸ
617 2468 867 2551 προβούλευμα,
895 2468 1028 2532 δικαίαν
1054 2462 1200 2532 τινὰκαὶ

193 2571 287 2637 αὐτοὶ
310 2576 527 2658 ποιησάμενοι
549 2576 745 2659 πρόκλησιν,
767 2573 809 2656 ἠν
832 2571 893 2658 οὐχ
917 2564 991 2640 οἷόν
1008 2567 1036 2637 τ’
1057 2568 1143 2656 <ἠν>
1161 2572 1200 2655 μή

158 2675 353 2753 2δέξασθαι
384 2690 452 2754 τοϊς
482 2679 628 2755 ὑπάτοις.
673 2679 789 2762 ἠξίουν
821 2679 885 2765 γδρ
917 2681 995 2756 τοὺς
1025 2679 1213 2761 βουλευτὰς*

192 2785 294 2866 λόγον
318 2781 503 2859 ἀποδόντας
525 2784 637 2860 αὐτοῖς
658 2807 694 2848 τε
712 2795 780 2860 τοῖς
797 2782 882 2869 ὑπὲρ
900 2795 960 2850 τοῦ
980 2786 1086 2867 δήμου
1105 2783 1202 2870 πρύτ-

262 2945 279 2992 4
303 2938 575 3010 προβουλεύματαΟ
599 2938 795 3011 προβούλευμα
819 2938 961 3011 Kiessling
1033 2948 1048 2996 5
1071 2941 1139 3009 δμίν
1157 2939 1200 3008 B>

192 3009 319 3064 δύνασθε
339 3009 361 3063 Ο
385 3027 454 3065 corr.
476 3008 619 3079 Kiessling
691 3017 706 3064 9
731 3005 868 3080 έυήφιζεν
887 3012 939 3065 AB
1013 3019 1046 3065 10
1068 3007 1202 3082 βασιλέοιν

190 3080 226 3134 τὰ
249 3078 276 3134 δ’
298 3080 367 3134 ἄλλοι
392 3079 443 3135 ὅσα
467 3081 488 3135 0
512 3080 547 3135 τὰ
570 3080 598 3134 δ’
622 3080 675 3136 del.
696 3080 819 3136 Sintenis
838 3081 898 3138 Em.
917 3083 998 3139 Dion.
1017 3082 1044 3136 Π
1062 3087 1095 3135 33
1171 3085 1212 3133 13ι

191 3153 310 3221 ἀρχαῖον
332 3151 381 3206 καὶ
404 3151 490 3207 καλὸν
514 3169 536 3208 ο.
555 3151 699 3223 Kiessling
725 3151 812 3207 καλὸν
836 3152 888 3208 del.
912 3154 1021 3223 Kayser
1044 3159 1114 3208 Ann.
1134 3150 1202 3219 phil.

192 3229 261 3278 1868
275 3241 301 3291 p.
317 3229 369 3278 814
424 3228 457 3277 15
476 3221 511 3278 *ὃ
526 3223 548 3278 Ο
568 3221 611 3277 δτι
624 3240 677 3293 ego
692 3221 719 3278 δ.
735 3239 793 3277 una
808 3223 864 3278 litss.
875 3240 955 3278 emsa
968 3225 991 3278 Β
1007 3229 1011 3290 1
1028 3219 1202 3294 έκειν<οι>Β

192 3302 225 3347 16
239 3294 339 3349 τούτου
354 3311 369 3348 e
383 3295 520 3349 τούτονΒ
572 3302 604 3348 18
619 3292 778 3364 ἀνείχετοΑ
795 3295 999 3365 <ἠ>νείχετοΒ
1049 3301 1083 3348 20
1097 3294 1202 3348 Δεκίου

190 3363 322 3418 Gelenius
345 3361 466 3418 Λευκίου
490 3364 513 3420 Ο
571 3371 605 3418 22
629 3359 664 3453 ἠν
687 3366 750 3421 add.
769 3365 877 3435 Kayser
894 3365 912 3420 l.
932 3364 950 3421 l.
974 3385 1004 3420 τε
1024 3382 1085 3418 cum
1103 3381 1160 3417 ras.
1179 3363 1211 3418 Β,

190 3438 225 3485 24
243 3433 434 3498 ἀποδιδόντας
451 3434 476 3488 A
496 3439 500 3505 Ι
520 3441 578 3498 τοῖς
596 3436 635 3490 δτι
662 3437 758 3498 αὐτοῖς
775 3436 822 3490 Ba
839 3436 904 3498 τούς
921 3433 971 3489 ὑπ’
988 3437 1082 3497 αὐτοῖς
1101 3435 1149 3488 Bb
1210 3455 1211 3522 ρ
