2538 3884
575 192 744 245 ..0-

152 359 324 441 γινόμενοι
350 353 406 421 ml
432 351 516 440 ὑπὲρ
544 365 606 421 τοῦ
632 363 750 421 κοινοῦ
777 349 946 436 καθαρμοὶ
972 353 1044 417 τότε
1065 365 1194 436 προσ-

153 461 324 547 ωφέλουν,
351 457 499 545 διέκρινέ
522 483 557 525 τε
585 462 624 527 τὸ
648 460 759 537 πάθος
781 459 842 543 οὐχ
864 458 1014 540 ἡλικίαν,
1041 457 1080 522 οὐ
1107 457 1192 541 φύ-

153 585 226 652 σιν,
247 568 289 634 οὐ
313 567 429 652 ῥώμην
452 566 472 650 ἢ
495 565 677 632 ἀσθένειαν
701 563 942 650 σωμάτων,ού
965 561 1084 649 τέχνην
1110 563 1193 628 οὐκ

153 677 235 741 ἄλλο
254 698 285 740 τι
304 685 371 741 τῶν
391 673 583 739 δοκούντων
600 675 771 758 κουφίζειν
790 673 852 757 τὴν
869 673 985 754 νόσον,
1008 669 1092 734 ἀλλὰ
1112 694 1192 752 γυ-

131 781 250 860 σναιξί
273 779 300 846 τ’
329 779 479 846 ἐνίπιπτε
501 777 558 844 καὶ
579 778 722 864 ἀνδράσι
745 777 801 845 καί
823 788 974 862 γηραιοῖς
996 774 1053 842 καὶ
1075 777 1192 853 νέοις.

115 888 196 962 2οὐ
227 888 293 972 μην
322 890 431 953 πολὺν
460 882 595 971 κατέσχε
625 888 764 972 χρόνον,
794 886 875 970 ὅπερ
905 890 1015 949 αίτιον
1043 880 1188 966 ἐγένετο

154 1005 214 1061 τοῦ
237 996 281 1078 μὴ
306 993 482 1077 σύμπασαν
505 993 736 1078 διαφθαρῆναι
754 992 816 1074 τὴν
833 994 945 1057 πόλιν·
970 989 1056 1054 ἀλλὰ
1074 1011 1187 1055 ποτα-

154 1109 220 1184 μοῦ
248 1101 345 1183 δίιιην
369 1098 389 1181 ἢ
411 1100 518 1183 πυρὸς
539 1096 650 1182 ἀθρόα
673 1109 742 1176 τοϊς
764 1097 958 1182 ἀνθρώποις
980 1095 1187 1180 ἐμπεσοῦσα

153 1206 216 1287 τήν
242 1227 276 1270 τε
303 1206 496 1288 προσβολὴν
524 1203 636 1282 ὀξεῖαν
657 1203 713 1270 καὶ
735 1206 798 1288 τὴν
820 1203 1017 1287 ἀπαλλαγὴν
1039 1213 1185 1287 ταχείαν

115 1337 142 1376 10
155 1313 282 1395 ἔλαβεν.
328 1311 373 1388 ὡς
403 1307 440 1376 δὲ
469 1314 507 1377 τὸ
537 1313 652 1378 δεινὸν
682 1311 870 1396 ἐλώφησεν,
900 1307 950 1376 ἐπ’
982 1308 1085 1396 ἐξόδῳ
1113 1317 1265 1392 τῆςιεεε

155 1416 257 1502 ἀρχῆς
278 1417 327 1482 διν
350 1416 369 1482 δ
387 1420 550 1501 Πόπλιος,
572 1416 685 1500 ἐπειδὴ
704 1416 767 1482 οὐκ
784 1415 926 1482 ἐδύνατο
944 1425 1097 1501 κυρῶσαι
1114 1416 1182 1480 τὸν

155 1526 262 1608 νόμον
292 1521 329 1588 ἐν
358 1531 404 1610 τῷ
434 1525 583 1607 περιόντι
613 1526 724 1611 χρόνῳ
754 1533 821 1588 τῶν
850 1521 1075 1608 ἀρχαιρεσίων
1106 1520 1181 1586 ἐπι-

156 1629 317 1713 στάντων,
340 1626 452 1714 μετῄει
475 1629 576 1694 πάλιν
597 1631 660 1713 τὴν
683 1631 871 1714 δημαρχίαν
893 1631 941 1706 είς
958 1629 1019 1694 τὸν
1037 1626 1179 1692 ἐπιόντα

156 1733 327 1818 ἐνιαυτόν,
354 1736 461 1800 πολλά
488 1733 545 1800 καί
572 1735 698 1819 μεγάλα
719 1747 789 1813 τοῖς
811 1737 970 1820 δημόταις
992 1735 1178 1818 ύπισχνού·

116 1863 142 1904 ιι
156 1859 269 1923 μενος·
301 1837 357 1904 καὶ
386 1838 621 1906 ἀποδείκνυται
649 1842 751 1908 πάλιν
781 1843 949 1927 δήμαρχος
971 1839 1033 1914 ὑπ’
1062 1840 1178 1906 αὐτῶν

117 1954 137 2019 3
156 1942 211 2010 καὶ
235 1945 297 2011 δύο
317 1953 384 2010 τῶν
404 1949 648 2031 συναρχόντων.
684 1949 721 2013 οἱ
737 1943 774 2013 δὲ
792 1951 958 2032 πατρίκιοι
976 1947 1061 2030 πρὸς
1079 1941 1170 2011 τοῦτ’

157 2050 468 2136 ἀντεμηχανήσαντο
505 2055 626 2138 πικρὸν
662 2055 770 2138 ἄνδρα
805 2051 861 2119 καί
897 2053 1086 2138 μισόδημον
1117 2049 1176 2116 καὶ

157 2154 263 2242 μηδὲν
282 2156 507 2224 ἐλαττώσοντα
525 2167 584 2242 τῆς
601 2159 851 2244 ἀριστοκρατίας
868 2159 921 2225 ἐπὶ
937 2161 999 2244 τὴν
1012 2159 1176 2224 ὑπατείαν

156 2275 372 2349 προαγαγεῖν,
383 2261 525 2330 Ἄππιον
539 2266 724 2349 Κλαύδιον,
742 2267 818 2331 υίὸν
833 2261 985 2349 Ἀππίου,
1003 2273 1065 2331 τοῦ
1081 2271 1177 2330 πλει-

117 2395 144 2436 εο
158 2386 218 2434 στα
245 2378 290 2456 τῷ
319 2371 413 2458 δήμω
439 2367 515 2455 περὶ
541 2371 602 2454 τὴν
627 2371 779 2442 κάθοδον
803 2368 1072 2448 ἐναντιωθέντος.
1119 2368 1177 2435 καί

156 2475 259 2542 αὐτὸν
282 2476 389 2541 πολλδι
412 2475 611 2542 ἀντειπόντα
633 2473 689 2540 καί
708 2473 781 2543 οὐδ’
798 2479 847 2555 είς
865 2480 902 2543 τὸ
921 2478 1038 2542 πεδίον
1057 2475 1176 2542 ἐλθεῖν

156 2578 367 2664 βουληθέντα
385 2580 481 2646 ἕνεκα
498 2592 566 2646 τῶν
583 2580 816 2668 ἀρχαιρεσίων,
834 2579 936 2666 οὐδὲν
954 2577 1055 2666 ἧττον
1070 2582 1175 2668 πρού-

156 2686 345 2768 βούλευσάν
366 2707 401 2753 τε
424 2685 480 2752 καὶ
503 2685 699 2772 ἐψηφίσαντ’
726 2687 853 2755 ἀπόντα
874 2689 1012 2755 ύπατον.

223 2791 405 2856 ΧΧΧΧΙΠ.
440 2791 673 2859 Τελεσθέντων
696 2789 734 2858 δὲ
757 2804 823 2858 τῶν
846 2793 1068 2879 ἀρχαιρεσίων
1089 2793 1244 2859 mamm

228 3021 299 3072 2-4
321 3016 409 3069 verba
432 3017 483 3071 οὐκ
504 3017 570 3073 ἄλλο
592 3040 620 3073 τι
637 3027 693 3074 τῶν
712 3020 872 3075 δοκούντων
891 3021 1036 3088 κουφίζειν
1053 3019 1106 3088 τὴν
1124 3019 1171 3075 νό-

157 3109 206 3146 σον
225 3090 291 3158 post
311 3086 513 3157 προσωφέλουν
532 3090 707 3159 transposuit
724 3091 840 3158 Reiske‚
865 3107 949 3159 quem
966 3089 1112 3172 Kiessling
1129 3091 1172 3146 ita

157 3162 297 3232 sequitur,
319 3161 353 3213 ut
375 3159 439 3215 ούτε
463 3159 530 3214 ἄλλο
553 3161 660 3216 scribat
683 3179 735 3232 pro
753 3161 855 3232 τέχνην
872 3163 924 3215 aut
941 3161 1029 3231 τύχην
1048 3162 1171 3216 sonben-

156 3234 224 3288 dum
249 3231 299 3287 aut
322 3231 386 3287 τότε
409 3228 492 3300 τέχνη
515 3231 602 3285 verba
624 3235 691 3302 post
713 3231 915 3303 προσωφέλουν
937 3233 1171 3288 inserendam

155 3303 301 3372 Kiesnling
319 3305 416 3358 censess
501 3309 517 3357 6
541 3303 574 3357 ού
593 3301 649 3372 μὴν
667 3305 756 3358 πολύν
775 3305 800 3357 Α
818 3305 851 3360 ού
869 3304 958 3359 πολύν
977 3303 1008 3358 δὲ
1028 3303 1051 3358 Β
1138 3310 1170 3360 18

157 3371 349 3430 ἐλαττώσαντα
367 3376 420 3429 AB
522 3379 554 3427 19
577 3381 767 3445 προσαγαγεῖν
784 3375 811 3430 Α
906 3380 941 3430 20
965 3373 998 3430 δν
1015 3374 1066 3429 καὶ
1084 3376 1171 3430 αὐτὸν

157 3444 260 3498 maluit
277 3443 382 3498 Reiske
455 3451 489 3500 22
508 3445 756 3519 *προεβούλευσαν
776 3445 799 3501 0
872 3451 906 3502 28
926 3441 1073 3517 ἑφήφισαν
1090 3445 1170 3502 ABG

566 3730 707 3826 τὰ
