2508 3882
498 240 666 290 -H-
1023 236 1089 302 269

76 397 137 464 καὶ
162 400 217 476 τδς
243 402 379 484 ψήφους
406 400 488 466 κατὰ
517 400 557 464 τά
587 401 751 484 τιμήματα
781 398 937 484 ἀναδούς,
968 397 1004 465 ἐκ
1032 409 1090 484 τῆς

77 503 272 591 ἀμφοτέρων
300 505 506 590 εὐδοκήσεως
532 505 769 572 ἀποδείκνυσιν
799 506 961 590 ὑπάτους,
988 505 1090 572 Γάίον

75 609 225 694 Ἰούλιον,
247 614 306 677 τὸν
335 611 597 697 ἐπικαλούμενον
619 609 766 696 Ἴουλον,
795 611 831 677 ἐκ
857 623 924 678 τῶν
951 613 1090 696 φιλοδή-

78 741 163 800 μων,
183 715 238 782 καλ
260 721 406 784 Κόιντον
431 719 562 802 Φάβιου
581 721 756 794 Καίσωνος
776 719 854 783 υίὸν
876 720 913 783 τὸ
933 718 1090 803 δεύτερον

78 821 116 888 ἐκ
140 833 203 890 τῶν
227 822 518 910 ἀριστοκρατικῶν.
562 822 619 890 καὶ
642 825 659 890 ὁ
679 819 784 908 <μὲν>
804 825 907 909 δήμος
930 819 1032 889 οὐδὲν
1055 808 1131 919 ε’κῆ,

78 938 137 1012 τῆς
162 929 321 1016 προτέρας
348 932 505 1007 ὑπατείας
531 930 635 996 αὐτοῦ
661 930 839 1007 πεπονθὼς
868 936 956 995 είασε
979 941 1091 1015 τυχεῖν

78 1036 197 1118 ταύτης
218 1045 275 1119 τῆς
298 1035 450 1114 ἐξουσίας
478 1039 515 1102 τὸ
540 1023 848 1122 δεύτερον,μισῶν
870 1038 928 1101 τὸν
947 1035 1090 1102 ’Ἄππιον

18 1138 134 1206 Ῑιεεκαλ
158 1141 207 1205 ὅτι
230 1141 355 1220 ἐκεῖνος
377 1142 602 1227 ἀτιμασθῆναι
626 1142 733 1209 ἐδόκει
757 1143 887 1227 σφόδρα
917 1141 1090 1227 ἡδόμενος·

78 1257 149 1323 τοῖς
175 1243 205 1312 δ’
237 1247 275 1314 ἐν
307 1248 392 1315 τέλει
424 1247 723 1335 διαπεπραγμένοις
755 1250 956 1334 δραστήριον
984 1250 1091 1335 ἀνδρα

79 1350 136 1417 καὶ
157 1349 261 1418 οὐθέν
285 1353 473 1421 ἐνδώσοντα
496 1365 541 1444 τῷ
565 1357 660 1444 δήμῳ
683 1357 831 1439 μαλακὸν
850 1354 903 1420 ἐπί
923 1356 985 1438 τήν
1008 1355 1091 1421 ύπα-
1106 1376 1131 1415 10

80 1462 169 1524 τείαν
191 1466 385 1545 παρελθεῖν,
408 1463 489 1527 κατά
512 1463 649 1546 γνώμην
673 1460 779 1527 ἐδόκει
807 1458 1028 1545 κεχωρηκέναι
1050 1461 1091 1524 τά

81 1573 138 1648 τῆς
161 1567 376 1651 διχοστασίας.

146 1671 323 1738 LXXXXI.
358 1669 430 1739 Ἐπί
453 1682 511 1758 τῆς
533 1675 660 1740 τούτων
684 1672 785 1758 ἀρχῆς
799 1669 942 1738 Αίκαυολ
964 1667 1026 1756 μὲν
1044 1673 1093 1749 είς

82 1778 140 1860 τήν
162 1781 319 1843 Λατίνων
341 1780 454 1864 χῶραν
478 1779 675 1863 ἐμβαλόντες
698 1777 870 1862 ἀπήλασαν
898 1778 1092 1865 ἀνδράποδα

82 1881 135 1947 καλ
168 1886 360 1967 βοσκήματα
394 1886 500 1950 πολλά
535 1890 692 1971 ληστρική
730 1883 841 1973 ἐφόδῳ
876 1887 1091 1971 χρησάμενοι·
1106 1901 1131 1942 1⁵

87 1991 266 2075 Τυρρηνῶν
290 1987 321 2055 δ’
349 1992 384 2056 ολ
403 1991 603 2074 καλούμενοι
628 1989 825 2057 Οὐιεντανοί
849 2001 906 2076 τῆς
923 1989 1092 2075 Ῥωμαίων

83 2103 139 2178 γής
166 2097 295 2179 πολλήν
322 2097 484 2180 ἠδίκησαν
507 2108 697 2182 προνομαῖς.
743 2107 801 2181 τῆς
829 2092 867 2161 δὲ
889 2101 1012 2180 βουλής
1034 2098 1093 2161 τὸν

84 2197 140 2282 μὲν
166 2203 250 2286 πρὸς
273 2204 442 2279 Αἰκανοὺς
469 2205 614 2286 πόλεμον
638 2205 685 2279 είς
707 2201 820 2287 ἕτερον
844 2198 1091 2284 ἀναβαλομένης

83 2309 218 2391 χρόνον,
245 2307 335 2392 παρά
363 2303 399 2372 δέ
425 2308 636 2373 Οὐιεντανῶν
664 2308 758 2384 δίκας
780 2308 884 2371 αίτεῑν
907 2303 1093 2390 ψηφισαμέ-

83 2438 155 2498 νης,
183 2409 328 2478 Αίκανολ
350 2409 412 2496 μὲν
436 2411 549 2496 ἐπειδή
572 2414 612 2479 τά
635 2424 747 2496 πρῶτα
770 2412 882 2488 αὐτοῖς
904 2399 985 2477 κατά
1008 2421 1093 2478 νοῦν
1107 2433 1134 2473 ιο

84 2518 223 2606 ἐχώρησε
230 2568 241 2603 ,
274 2520 330 2583 καί
357 2517 472 2596 οὐθείς
499 2520 517 2586 ὁ
546 2521 706 2585 κωλύσων
735 2520 775 2584 τά
802 2519 899 2583 λοιπά
928 2517 1092 2602 ἐφαίνετο,

84 2627 199 2708 θράσει
237 2622 438 2711 ἐπαρθέντες
473 2624 637 2714 ἀλογίστῳ
675 2625 853 2712 ληστρικήν
889 2620 951 2708 μὲν
983 2623 1094 2689 οὐκέτι

85 2735 253 2818 στρατείαν
277 2733 428 2814 ἔγνωσαν
450 2738 633 2814 ποιεῖσθαι,
656 2732 795 2815 δυνάμει
820 2726 856 2795 δὲ
879 2733 998 2818 βαρείᾳ
1021 2729 1093 2796 ε’λά-

33 2847 195 2914 ιωεσαντες
224 2835 277 2902 ἐπλ
304 2839 403 2902 πόλιν
427 2834 572 2922 Ὀρτῶνα
604 2838 685 2902 κατά
718 2836 838 2923 κρότος
865 2838 1010 2923 αἱροῦσι·
1039 2833 1094 2902 καλ

86 2942 321 3029 διαρπάσαντες
347 2943 386 3007 τά
414 2939 442 3006 τ’
470 2941 505 3006 ἐκ
533 2952 590 3026 τῆς
617 2944 726 3028 χώρας
748 2940 803 3007 καὶ
826 2943 866 3007 τά
889 2952 946 3027 τῆς
969 2946 1095 3018 πόλεως
1110 2961 1136 3002 ετ

85 3046 229 3137 ἀπῄεσαν
261 3048 420 3133 εὐπορίαν
452 3047 579 3130 πολλὴν
607 3047 774 3132 ἀγόμενοι.
826 3047 1024 3114 Οὐιεντανοὶ
1058 3044 1134 3114 δέ2

152 3214 166 3260 1
187 3203 273 3275 κατὰ]
292 3203 341 3257 καὶ
361 3203 382 3258 Ο
403 3220 471 3258 corr.
492 3203 613 3272 Sylburg
674 3209 689 3255 2
710 3203 947 3258 ἀποδεικνύουσιν
966 3202 1019 3254 ΑΒ
1079 3209 1095 3254 3

86 3275 235 3330 λουλλονΟ
271 3282 274 3340 fl
308 3276 563 3344 *φιλοδημοτικῶν
583 3273 605 3328 Ο
629 3275 787 3343 δημοτικῶν
807 3272 895 3326 Cobet
914 3271 979 3326 Obs.
1001 3290 1027 3340 p.
1045 3277 1095 3324 1⁷2

86 3347 167 3418 όμέν
188 3345 253 3400 add.
269 3345 373 3400 Reiske
389 3349 393 3414 Ι
410 3345 495 3400 οὐδὲν
513 3343 597 3399 ἕνεκα
616 3344 639 3396 Β
659 3344 701 3412 ηὲν
722 3343 752 3398 ἐν
767 3344 798 3397 in
815 3345 882 3410 rae.)
939 3349 953 3396 ἵ
973 3349 1022 3410 τῆς
1041 3358 1095 3396 om.

86 3417 105 3468 Β
182 3423 215 3472 19
238 3417 407 3470 Οόεντανῶν
431 3414 520 3470 αἰτεῖν
543 3413 743 3485 ψηφισαμένης
761 3414 917 3482 ἀπολογίαν
936 3411 959 3466 0
982 3415 1096 3482 praeter

86 3487 106 3540 B
187 3493 222 3542 24
237 3486 346 3558 Ὁρῶνα
366 3489 387 3542 0
408 3503 477 3540 corr.
499 3486 620 3554 Sylburg
706 3492 740 3540 26
760 3481 931 3553 ἐπαγόμενοι
949 3501 972 3538 ο.
992 3483 1096 3538 Reiske
1172 3497 1181 3507 “
1241 3539 1242 3548 ,
