2538 3884
157 190 223 254 314
580 191 746 244 -Θ-

155 354 236 437 μίαν
266 351 376 418 αὐτῶν
403 356 607 437 ποιήσασθαι
634 354 799 438 φροντίδα
826 362 884 436 τῆς
910 350 939 418 τ’
971 351 1089 438 ἀρετῆς
1115 351 1174 418 καὶ

121 456 255 542 2δόξης
283 470 352 536 τοῖς
380 457 521 545 ἀνδράσι
551 465 702 543 φθονῶν.
747 468 928 546 τοιγαροῦν
957 459 1038 542 μετά
1068 456 1169 524 ταῦθ’

156 561 318 649 ὑπαχθεὶς
340 565 406 631 ὑπὸ
428 575 496 629 τῶν
519 565 698 649 δημάρχων
720 566 768 641 είς
791 566 888 649 δίκην
911 562 964 630 έπὶ
988 565 1091 650 ταύτῃ
1111 565 1174 649 μά-

156 674 250 736 λιστα
277 679 316 756 τῇ
345 672 433 758 αἰτίᾳ
460 668 554 736 ἑάλω.
600 672 731 755 σφόδρα
758 671 822 756 γάρ
846 668 1031 754 ἐπένθησεν
1054 669 1173 754 ἡῬω-

129 779 263 860 εμαίων
294 781 390 855 πόλις
422 776 555 863 ἀνδρῶν
584 778 757 844 τοσούτων·
780 775 836 842 καὶ
862 779 1025 843 τοιούτων
1053 777 1172 862 ἀρετάς

155 882 411 969 ἀποκειραμένη,
439 882 494 950 καὶ
520 885 604 970 πρὸς
628 885 717 949 άπαν
740 884 777 949 τὸ
801 882 903 961 δόξαν
925 883 1039 960 αὐτοῖς
1062 889 1172 949 αίτιον

155 988 328 1073 γεγονέναι
355 998 413 1073 τῆς
434 989 587 1073 τοιαύτης
609 998 783 1075 συμφοράς
805 1000 930 1075 πικρῶς
951 986 1007 1054 καὶ
1029 987 1172 1074 ἀπαραι-

155 1098 259 1179 τήτως
286 1091 387 1180 εἶχεν·
419 1096 482 1178 τὴν
510 1092 540 1159 δ’
566 1093 693 1182 ἡμέραν
721 1094 868 1179 ἐκείνην,
895 1093 933 1159 έν
955 1088 977 1180 ᾖ
1000 1097 1038 1160 τὸ
1061 1095 1173 1171 πάθος

156 1199 297 1284 ἐγένετο,
319 1199 479 1285 μέλαινάν
501 1224 536 1266 τε
559 1199 614 1267 καὶ
637 1200 815 1287 ἀποφράδα
837 1205 976 1286 τύδεται,
999 1199 1056 1266 καὶ
1074 1201 1171 1267 οὐδε-

117 1329 142 1368 10
155 1309 213 1384 ’νὸς
243 1306 286 1372 ἀν
317 1309 418 1392 ἔργου
449 1306 486 1372 έν
514 1308 616 1393 ταύτῃ
646 1317 791 1394 χρηστοῦ
821 1306 973 1393 ἄρξαιτο,
1004 1309 1068 1392 τὴν
1097 1312 1170 1375 τότε

116 1417 331 1499 3συμβάσαν
367 1413 448 1499 αὐτῇ
483 1414 586 1499 τύχην
618 1411 826 1498 ὀττευομένη.
880 1414 926 1490 ὡς
957 1410 995 1479 δέ
1026 1417 1171 1498 πλησίον

156 1519 309 1604 ἐγένοντο
328 1531 395 1585 τῶν
409 1517 578 1605 Ῥωμαίων
597 1521 633 1584 οί
649 1523 826 1606 Ίυρρηνοί,
845 1521 1039 1597 συνιδόντες
1058 1521 1171 1586 αὐτῶν

155 1630 193 1693 τὸ
214 1629 437 1714 στρατόπεδον
450 1665 495 1674 -
508 1621 551 1711 ἦν
571 1623 601 1691 δ’
619 1627 684 1692 ὑπὸ
702 1630 821 1710 λαγόνι
838 1631 992 1711 κείμενον
1012 1611 1169 1714 ὄρους’-

156 1743 213 1816 τῦς
234 1731 262 1798 τ’
291 1733 439 1819 ἀπειρίας
461 1744 521 1800 τοῦ
545 1742 730 1820 στρατηγοῦ
753 1736 1021 1818 κατεφρόνησαν,
1053 1731 1110 1798 καὶ
1131 1735 1231 1799 τδιεοε

117 1858 143 1900 1⁵
156 1835 260 1903 δοθὲν
287 1839 352 1904 ὑπὸ
379 1847 438 1921 τῆς
463 1841 563 1924 τύχης
588 1837 813 1923 πλεονέκτημα
841 1838 1019 1923 ἀγαπητῶς
1037 1841 1169 1922 ἔλαβον.

155 1942 210 2010 καὶ
235 1943 353 2010 ,αὐτίκα
381 1947 460 2021 τοὺς
487 1946 593 2022 ίππελς
621 1945 841 2030 ἀναλαβόντες
864 1947 946 2010 κατά
969 1945 1031 2028 τὴν
1054 1943 1170 2031 ἑτέραν

155 2052 304 2137 πλευράν
330 2059 390 2117 τοῦ
418 2054 526 2136 λόφου
551 2051 689 2129 οὐδενὸς
711 2053 901 2128 κωλύοντος
923 2048 1094 2134 ἀνέβησαν
1117 2049 1171 2116 ἐπὶ

155 2159 215 2242 τὴν
246 2161 407 2245 κορυφήν.
456 2161 717 2243 καταλαβόμενοι
750 2155 788 2224 δὲ
818 2159 879 2224 τὸν
910 2154 994 2243 ὑπὲρ
1025 2163 1172 2243 κεφαλῆς

156 2277 223 2330 τῶν
240 2262 410 2349 Ῥωμαίων
427 2267 598 2350 κόρυμβον
616 2267 733 2330 ἔθεντο
753 2263 790 2329 έν
808 2265 916 2352 τούτῳ
934 2265 974 2329 τά
994 2263 1091 2347 ὅπλα,
1115 2261 1171 2328 καὶ

117 2391 143 2430 20
156 2372 217 2454 τὴν
235 2372 340 2454 ἀλλην
359 2373 504 2456 δύναμιν
522 2370 678 2456 ἀσφαλῶς
696 2371 958 2456 ἀναβιβάσαντες
975 2370 1094 2456 ὑψηλῷ
1112 2369 1172 2454 χά-

156 2501 231 2563 ρακι
259 2475 314 2542 καὶ
336 2481 459 2565 βαθείᾳ
481 2477 596 2567 τάφρφ
618 2479 680 2562 τὴν
701 2478 916 2563 παρεμβολὴν
939 2477 1170 2561 ὠχυρώσαντο.

120 2584 187 2650 4εί
214 2579 275 2667 μὲν
306 2579 368 2649 οὗν
398 2585 546 2649 συνιδὼν
576 2584 594 2650 ὁ
621 2586 809 2667 Μενήνιος,
839 2573 913 2648 οἷον
941 2583 1043 2647 ἔδωκε
1072 2585 1171 2645 πλεο

155 2687 298 2772 νέκτημα
320 2700 390 2765 τοῖς
412 2692 593 2774 πολεμίοις,
616 2686 760 2772 μετέγνω
784 2711 819 2753 τε
841 2689 903 2771 τὴν
922 2685 1095 2772 ἁμαρτάδα
1112 2682 1170 2750 καὶ

15 2871 16 2878 ¹
156 2795 203 2869 είς
221 2792 467 2879 ἀσφαλέστερον
485 2792 632 2879 ἀπήγαγε
650 2797 774 2878 χωρίον
792 2794 853 2877 τὴν
872 2792 1040 2878 στρατιάν,
1063 2794 1170 2877 σοφὸς

116 2919 143 2961 ει
156 2898 197 2966 άν
219 2893 274 2982 ἦν,
296 2908 360 2964 νῦν
382 2895 419 2963 δὲ
438 2896 482 2964 δι’
501 2900 659 2984 αἰσχύνης
677 2899 856 2984 λαμβάνων
874 2901 911 2964 τὸ
932 2899 1045 2964 δοκεῖν
1062 2897 1169 2983 ἡμαρ-

227 3169 242 3218 2
267 3161 369 3232 φῦόνω
393 3161 439 3213 Ba
465 3165 469 3228 λ
494 3160 563 3230 μετὰ
585 3168 674 3214 ταῦτα
697 3159 837 3230 ὑπαχθείς
858 3161 913 3215 ὑπὸ
936 3167 991 3214 τῶν
1015 3159 1168 3228 δημάρχων

155 3255 209 3292 om.
228 3235 275 3289 Ba
346 3231 439 3302 4γδιρ
459 3231 554 3286 om.B
628 3236 661 3286 10
684 3230 736 3298 τήν
754 3251 783 3286 τε
802 3232 948 3302 συμβᾶσαν
965 3231 991 3283 Α
1066 3237 1098 3284 15
1120 3237 1169 3297 τῆς

156 3325 210 3361 om.
228 3307 275 3360 Ba
300 3309 304 3375 Ι
328 3302 521 3372 πλεονέκτημα
540 3318 594 3356 om.
614 3302 637 3356 B
710 3308 743 3357 18
761 3310 810 3372 τῆς
827 3305 951 3370 κεφαλῆς
970 3300 992 3355 0
1011 3302 1128 3370 praetor
1146 3301 1168 3353 Β

155 3385 196 3499 213I
213 3377 354 3448 ἁμαρτάδα
372 3375 398 3430 Α
505 3379 540 3430 24
563 3373 654 3444 ἀπῆγε
673 3373 696 3428 0
715 3373 842 3443 ἀπήγαγε
862 3370 984 3426 Sintenis
1003 3371 1065 3426 Em.
1084 3369 1168 3426 Dion.
