2508 3882
499 217 665 269 ..0-

88 379 175 454 δενὸς
197 377 310 464 χείρον’
332 381 568 464 στρατηγήσας,
590 375 745 463 ἀφηρέθη
764 379 823 444 τὸν
843 377 880 442 ἐκ
897 389 964 444 τῶν
983 381 1090 464 ἔργων

86 487 214 549 ἔπαινον
240 481 318 570 παρ’
346 479 447 550 οὐδὲν
471 482 644 568 ἁμάρτημα
666 484 771 566 ίδιον,
800 479 872 549 ἀλλ’
898 484 948 549 ότι
971 486 1008 550 τὸ
1032 487 1090 569 δη-

86 592 213 672 μοτικὸν
236 589 297 655 οὐκ
320 586 386 675 είχε
410 587 647 675 κεχαρισμένον
669 588 775 676 αὐτῷ,
802 587 836 666 ἐξ
860 584 901 654 οὗ
925 591 984 654 τὸν
1006 589 1089 655 ύπα-

87 717 136 760 τον
149 696 299 762 Κάσσιον
318 694 372 762 ἐπί
390 705 429 780 τῇ
448 691 623 780 τυραννίδὶ
636 699 877 782 προσαγγείλας
891 693 1089 762 ἀπέκτεινεν.
1104 697 1125 759 2

87 801 152 865 ούτε
170 801 234 886 γάρ
254 802 316 867 ὅσα
335 799 406 867 δέοι
425 804 489 866 σὺν
506 801 596 886 τάχει
615 812 784 890 στρατηγῷ
803 803 994 867 κελεύσαντι
1013 803 1090 878 τοὺς
1117 819 1130 860 ⁶

85 907 243 990 ὑπηκόους
265 912 471 992 πειθαρχεῖν,
494 903 572 972 οὔθ’
594 905 656 971 ὅσα
678 915 724 994 τῷ
747 907 912 995 προθύμῳ
935 905 990 970 καὶ
1013 903 1090 992 πρέ-

85 1035 171 1077 ποντι
189 1010 418 1098 χρησαμένους
435 1016 492 1100 βίᾳ
510 1024 695 1098 κατασχεῖν,
716 1010 792 1078 οὔθ’
813 1013 874 1078 ὅσα
893 1011 1004 1096 λάθρα
1022 1023 1090 1077 τῶν

12 1153 13 1156 ¹
86 1118 320 1203 ἀντιπολεμίων
343 1121 447 1204 χωρία
469 1120 516 1195 είς
538 1117 731 1196 πλεονεξίαν
754 1118 876 1184 εὔθετα
899 1122 1090 1204 σφετερίσα-
1166 1131 1177 1158 ι

86 1231 172 1310 σθαι,
201 1223 272 1291 οὔτ’
300 1227 381 1291 ἀλλο
409 1226 564 1312 πράττειν
590 1221 692 1290 οὐδὲν
714 1223 838 1309 ἕτοιμοι
861 1220 963 1308 ἦσαν,
991 1223 1023 1302 ἐξ
1048 1219 1089 1290 οὗ

85 1334 173 1415 τιμήν
196 1355 274 1397 τινα
298 1332 315 1397 ὁ
339 1334 519 1416 στρατηγὸς
540 1328 596 1397 καὶ
619 1329 722 1408 δόξαν
745 1330 878 1414 ἀγαθὴν
902 1329 1090 1408 ἐξοίσεσθαι
1106 1351 1130 1388 10

86 1439 198 1519 ἔμελλε.
232 1434 289 1503 καί
307 1430 409 1502 τάλλα
427 1432 488 1521 μὲν
507 1435 628 1518 αὐτῶν,
652 1435 714 1500 όσα
732 1436 921 1521 ὑβρίζοντες
939 1437 997 1500 τὸν
1015 1434 1091 1518 ἡγε-

85 1545 161 1624 μόνα
192 1540 381 1625 διετέλουν,
410 1540 526 1630 ἐκείνω
550 1538 588 1607 θ’
615 1536 715 1624 ἦττον
743 1541 873 1624 λυπηρά
899 1534 941 1623 ἦν
969 1538 1023 1605 καὶ
1050 1549 1090 1624 τῇ

36 1652 170 1714 ιιιεπόλει
187 1649 317 1733 βλάβης
334 1647 376 1715 οὐ
394 1648 537 1732 μεγάλης
555 1646 641 1731 ἀξια,
664 1647 682 1712 ὃ
702 1642 740 1712 δέ
757 1651 972 1723 τελευτῶντες
990 1644 1090 1733 ἐξειρ-

86 1755 222 1836 γάσαντο
244 1757 406 1821 κίνδυνον
425 1755 466 1820 οὐ
484 1756 603 1840 μικρὸν
622 1756 739 1838 ηνεγκε
758 1751 814 1816 καὶ
831 1752 959 1835 πολλὴν
977 1753 1090 1838 αίσχύ-

86 1885 140 1946 νην
162 1861 298 1946 ἀμφοῖν.
335 1859 515 1945 γενομένης
537 1861 599 1946 γάρ
623 1858 832 1945 παρατάξεως
849 1857 887 1924 έν
904 1867 950 1945 τῷ
969 1857 1090 1943 μεταξύ
1104 1841 1130 1952 '1³5

86 1978 143 2032 τῶν
160 1971 290 2051 λόφων,
308 1963 361 2050 ἐφ’
380 1958 431 2043 οίς
448 1962 534 2049 ἦσαν
552 1965 884 2051 ἐστρατοπεδευκότες
897 1963 1090 2050 ἀμφότεροι,

85 2073 162 2159 τάση
186 2081 227 2157 τῇ
251 2069 328 2157 παρ’
347 2069 509 2157 ἑκατέρων
533 2071 685 2156 δυνάμει,
707 2072 815 2138 πολλά
835 2069 890 2135 καὶ
909 2070 991 2134 καλά
1010 2071 1090 2150 ἔργα

86 2176 332 2261 ἀποδειξάμενοι
355 2175 410 2242 καί
432 2181 511 2254 τοὺς
532 2181 711 2261 πολεμίους
733 2175 978 2258 ἀναγκάσαντες
995 2171 1090 2256 ἀρξαι

85 2293 194 2370 φυγῆς,
215 2281 286 2350 οὔτ’
304 2284 540 2369 ἠκολούθησαν
559 2283 693 2348 ἀπιοῦσι
711 2290 772 2346 τοῦ
786 2288 970 2365 στρατηγοῦ
984 2280 1091 2345 πολλὰ

86 2388 326 2468 ἐπικελεύοντος
358 2392 434 2455 οὔτε
462 2393 723 2473 παραμείναντες
749 2385 1003 2470 ἐκπολιορκῆσαι
1030 2386 1089 2450 τὸν
1104 2405 1130 2442 20

14 2527 16 2534 ·
84 2497 202 2582 χάρακα
230 2495 417 2580 ἠθέλησαν,
444 2491 516 2561 ἀλλ’
544 2494 698 2570 ἐάσαντες
725 2488 835 2569 ἀτελὲς
862 2493 961 2577 ἔργον
986 2491 1089 2555 καλὸν

85 2599 226 2688 ἀπῄεσαν
245 2605 292 2680 είς
311 2603 372 2685 την
390 2602 499 2668 αὑτῶν
513 2602 777 2686 στρατοπεδείαν.
811 2596 1125 2683 ἐπιχειρησάντων4

86 2704 111 2770 δ’
134 2708 371 2794 αὐτοκράτορα
390 2709 449 2773 τὸν
476 2706 603 2772 ὕπατον
629 2704 854 2790 ἀναγορεῦσαί
878 2727 979 2769 τινων
1007 2701 1090 2786 μέγα

11 2965 12 2968 ¹
150 2905 163 2951 1
185 2894 217 2953 ἐκ
237 2907 292 2954 τῶν
311 2915 365 2954 om.
384 2898 407 2951 Β
497 2899 584 2952 θοάιι
604 2894 660 2966 εἶχε
679 2895 880 2966 κεχαρισμένον
899 2895 1012 2968 αύτῷῦ
1038 2896 1090 2949 οὐκ

86 2965 135 3037 εἶχε
158 2967 246 3038 μένον
268 2969 294 3036 Β
321 2971 373 3024 οάκ
397 2967 471 3039 εἶχεν
496 2967 597 3022 εύνονν
621 2984 644 3020 ο.
664 2965 788 3020 Sintenis
812 2965 871 3019 Em.
891 2967 973 3020 Dion.
995 2965 1036 3018 III
1055 2971 1089 3018 λθ

85 3041 317 3110 ίπροσαγγείλας
337 3044 360 3093 Α
380 3038 552 3109 εἰσαγγείλας
570 3037 591 3092 O
610 3040 707 3107 κρίνας
724 3037 748 3091 Β
857 3044 872 3090 6
895 3043 932 3090 τῶ
951 3055 972 3090 π
990 3036 1089 3104 οθύμῳ

86 3103 280 3179 ἐπιτρέποντας
298 3111 347 3164 καί
370 3121 393 3166 ε’.
411 3109 556 3179 Kiessling
575 3112 579 3178 Ι
601 3104 631 3162 ἐν
650 3106 786 3177 πρέποντι
804 3123 827 3162 o.
846 3090 949 3160 Reiske
972 3055 1004 3160 ἐν
1022 3105 1089 3192 πρέ-

177 3181 431 3308 ιιεειε
444 3179 686 3318 εεειει,
700 3184 793 3303 εει
811 3247 835 3301 Α
851 3176 1088 3315 ειειιε

12 3365 15 3372 ,
86 3268 266 3389 negt-mv
286 3323 309 3378 Ο
328 3341 398 3378 corr.
412 3272 515 3377 Rgiske
557 3295 563 3306 ⁵
590 3329 621 3377 13
641 3320 744 3387 ἀξιαΟ
763 3321 840 3374 οιίτια
858 3299 1002 3385 Κίέεεὶἱοχ
1019 3314 1088 3367 duce
1219 3363 1220 3366 ,

22 3403 25 3452 ἶ
86 3390 230 3463 Sylburgio
304 3400 338 3448 14
356 3396 491 3448 κίνδυνον
512 3435 517 3446 .
535 3437 540 3447 .
560 3395 592 3448 οά
611 3393 634 3445 Β
653 3411 678 3445 κ.
697 3409 726 3445 τε
746 3391 778 3444 οὐ
798 3406 821 3442 ο.
840 3385 983 3455 Kiessling
1053 3390 1087 3439 λθ

13 3487 17 3537 ';
86 3463 172 3517 αὐτῶν
193 3464 216 3517 Β
236 3469 240 3532 Ι
261 3459 486 3533 ἐπιχειρήσαντες
506 3461 556 3515 Ac
629 3467 662 3514 23
682 3461 730 3513 τὸν
748 3459 856 3513 ύπατον
875 3473 929 3510 om.
951 3454 1000 3510 Ac

876 3545 929 3598 18*
