2496 3878
97 213 99 216 ’
162 210 205 274 26
587 239 621 248 -
657 212 677 260 Ζ
715 239 749 250 -

162 373 180 439 ὁ
200 375 306 455 λόγος.
344 370 451 455 ἐβόων
470 373 533 456 γὰρ
552 372 619 456 άμα
638 367 693 436 καὶ
712 367 875 448 ἐξέκλειον
895 369 1069 455 ἀλλήλους,
1092 359 1238 530 ὥστεισρ

161 479 205 563 μὴ
233 475 354 565 ῥᾴδιον
382 472 469 542 εἶναι
498 487 567 554 τοῖς
589 486 733 563 παροῦσι
756 477 814 553 τὰς
837 477 985 552 διανοίας
1008 475 1119 542 αὐτῶν
1143 477 1182 558 [ὅ

161 608 192 648 τι
214 584 407 668 βούλονται]
433 585 593 649 συνιδεῖν.

225 689 313 755 XVI.
343 688 534 755 Ἐδικαίουν
561 687 592 754 δ’
620 690 656 756 οί
679 686 741 773 μέν
768 689 889 754 ὑπατοι
919 689 981 772 τὴν
1003 691 1182 775 κρείττονα

134 797 291 881 οέχοντες
313 795 467 875 ἐξουσίαν
490 796 645 862 ἁπάντων
667 797 782 882 άρχειν
801 805 869 860 τῶν
892 794 929 860 ἐν
951 803 991 880 τῇ
1013 798 1121 878 πόλει,
1143 795 1186 860 oc

161 898 199 966 δὲ
218 903 381 989 δήμαρχοι
399 905 462 987 τὴν
481 901 657 987 ἐκκλησίαν
676 900 805 968 ἑαυτῶν
823 897 909 967 εἶναι
923 905 1046 988 χωρίον
1065 901 1181 987 ὥσπερ
1239 888 1240 966 λ

160 1007 297 1074 ἐκείνων
320 1009 382 1091 τὴν
405 1009 548 1092 βουλήν,
577 1006 632 1073 καὶ
655 1007 761 1073 ὁπόσα
784 1005 838 1072 ἐπὶ
860 1009 1111 1092 τοῖς-δημόταις
1132 1002 1182 1091 ἦν

159 1119 287 1199 κρίνειν
310 1137 344 1178 τε
367 1112 422 1178 καὶ
445 1116 660 1198 ψηφίζεσθαι,
682 1115 810 1179 τούτων
828 1111 923 1179 αὐτοὶ
940 1123 1008 1178 πᾶν
1032 1116 1118 1200 ἔχειν
1137 1117 1181 1180 τὸ
1240 1150 1241 1184 ι

160 1219 286 1305 κράτος.
329 1221 569 1303 συνηγωνίζετο
589 1215 627 1284 δὲ
645 1231 715 1296 τοῖς
737 1216 798 1304 μὲν
818 1219 838 1303 ἡ
858 1222 991 1304 πληθὺς
1008 1218 1182 1304 ἐπιβοῶσα

121 1346 147 1386 10
160 1323 215 1390 καὶ
243 1326 343 1409 ὁμόσε
371 1337 504 1411 χωρεῖν,
533 1327 565 1390 εί
591 1323 679 1409 δέοι,
705 1337 775 1402 τοῖς
801 1328 968 1392 κωλύουσι
995 1342 1182 1408 παρεσκευ-

160 1431 303 1517 ασμένη,
339 1445 409 1509 τοῖς
436 1429 466 1496 δ’
500 1432 638 1509 ὑπάτοις
669 1434 705 1498 οί
733 1435 900 1519 πατρίκιοι
932 1430 1182 1518 συστρέψαντες
1241 1421 1242 1446 ¹

125 1538 290 1616 2αὑτούς.
336 1537 462 1622 ἐγίνετο
494 1535 531 1603 δὲ
557 1541 663 1616 πολὺς
693 1538 786 1623 ἀγὼν
816 1536 892 1624 περὶ
923 1547 984 1604 τοῦ
1015 1540 1060 1623 μὴ
1091 1534 1181 1616 εἶξαι

76 1718 78 1724 s
160 1643 340 1732 ἑκατέροις,
372 1646 416 1722 ὑς
445 1645 481 1711 ἐν
509 1653 568 1732 μιᾷ
598 1654 636 1730 τῇ
663 1648 736 1711 τότε
766 1646 845 1732 ἥττῃ
874 1643 1181 1730 παραχωρουμένης
1242 1675 1243 1680 “

159 1761 216 1835 τῆς
239 1754 287 1829 είς
304 1753 364 1818 τὸν
383 1753 500 1817 λοιπὸν
518 1754 642 1837 χρόνον
661 1748 824 1836 ἑκατέρων
843 1752 1052 1828 δικαιώσεως.
1081 1751 1181 1834 ἥλιός

120 1874 146 1914 1⁵
159 1881 193 1923 τε
225 1856 300 1944 περὶ
328 1859 520 1943 καταφορὰν
549 1854 591 1942 ἦν
619 1859 700 1942 ἤδη,
731 1855 787 1923 καὶ
820 1855 1015 1943 συνέτρεχεν
1043 1856 1078 1921 ἐκ
1105 1867 1179 1922 τῶν

154 1967 275 2030 -οίκιῶν
305 1966 341 2029 τὸ
370 1965 451 2030 άλλο
474 1969 604 2048 πλῆθος
627 1966 673 2041 είς
696 1965 757 2048 τὴν
780 1963 917 2050 ἀγοράν,
945 1961 999 2030 καὶ
1023 1965 1177 2049 ἔμελλον,

160 2073 191 2135 εί
212 2070 273 2148 νὺξ
298 2069 515 2155 ἐπιλαμβάνοι
533 2070 595 2152 τὴν
613 2072 696 2154 ἔριν,
719 2072 766 2146 είς
788 2070 915 2154 πληγάς
932 2093 967 2135 τε
985 2068 1041 2136 καὶ
1063 2074 1177 2136 λίθων

124 2176 323 2263 3χωρησειν
341 2176 450 2260 βολάς.
478 2178 533 2241 ἵνα
553 2177 594 2260 δὴ
614 2177 658 2260 μὴ
677 2185 776 2242 τοῦτο
795 2174 937 2260 γένοιτο,
955 2177 1132 2262 προελθὼν
1153 2177 1244 2244 ὁ134ῖ

159 2286 307 2369 Βροῦτος
315 2285 393 2359 τοὺς
405 2283 552 2360 ὑπάτους
564 2282 659 2366 ἠξίου
674 2283 794 2348 δοῦναι
804 2286 907 2364 λόγον
916 2281 1018 2369 αὐτῷ,
1030 2284 1175 2349 παύσειν

120 2406 146 2445 2⁰
159 2391 423 2476 ὑπισχνούμενος
453 2391 515 2474 την
543 2390 667 2455 στάσιν.
712 2387 859 2455 κάκεῖνοι
891 2388 1046 2467 δόξαντες
1077 2394 1176 2475 σφίσι

157 2502 469 2582 παρακεχωρῆσθαι,
488 2495 624 2561 ὅτιτῶν
642 2496 821 2581 δημάρχων
839 2499 1014 2580 παρόντων
1032 2496 1073 2562 οὐ
1091 2493 1171 2578 παρ’

158 2602 331 2669 ἐκείνωνὸ
356 2603 552 2685 δημαγωγὸς
568 2599 711 2688 ᾐτήσατο
729 2602 790 2685 την
809 2601 918 2686 χάριν,
941 2599 1176 2687 ἐπιτρέπουσιν

158 2707 246 2795 αὐτῷ
270 2705 388 2789 λέγειν.
426 2716 551 2790 σιωπῆς
579 2704 616 2772 δέ
639 2705 818 2790 γενομένης
841 2709 921 2773 άλλο
945 2704 1006 2792 μέν
1029 2704 1130 2773 οὐδὲν
1154 2708 1174 2774 ὁ

158 2817 307 2898 Βροῦτος
328 2809 431 2896 εἶπεν,
454 2813 603 2897 ἠρώτησε
623 2809 660 2876 δὲ
678 2816 757 2889 τοὺς
774 2813 920 2890 ὑπάτους
940 2814 1073 2880 τοιάνδε
1095 2816 1174 2879 τινὰ

117 2895 330 3007 ἓέρώτησιν·
357 2911 439 3004 Ἆρά
467 2916 512 3001 γ’,
546 2920 625 3003 ἔφη,
652 2915 832 3003 μέμνησθ’,
860 2919 910 2984 ὅτι
938 2919 1174 3004 διαλυομένοις

229 3109 307 3164 λόει

156 3182 179 3235 Β
198 3181 305 3250 κρίνειν
325 3112 446 3249 ΕγΙὺυις
514 3188 530 3235 9
549 3183 748 3253 συνηγωνίζετο
767 3180 790 3233 Β
810 3185 1029 3251 συνηγωνίζοντο
1047 3182 1073 3235 R
1138 3191 1172 3237 12

96 3307 98 3310 .
157 3253 259 3313 αὐτοὺς
284 3251 334 3304 ΑΒ
364 3255 368 3322 Ι
403 3247 527 3321 ἐγίγνετο
551 3252 605 3305 ΑΒ
630 3248 736 3322 ἐγίνετο
760 3254 785 3305 R
812 3255 888 3320 quod
917 3253 972 3308 def.
997 3252 1172 3321 Grasberger

156 3323 320 3391 Philologus
335 3331 368 3378 28
387 3325 479 3393 (1869)
491 3340 519 3392 p.
534 3330 586 3378 549
604 3337 606 3340 ·
661 3329 694 3379 18
710 3324 862 3392 παρελθὼν
881 3341 904 3377 ο.
918 3323 1063 3393 Kiessling
1137 3332 1172 3379 19

157 3397 282 3462 δοθῆναι
296 3394 320 3448 Ο
338 3396 440 3449 δοῦναι
454 3395 500 3448 vel
513 3395 662 3466 προελθὼν
676 3402 734 3457 τοῖς
746 3393 864 3457 ὑπάτοις
879 3427 911 3435 -
926 3396 1053 3463 δοθῆναι
1066 3395 1172 3449 Reiske

157 3464 191 3519 of.
211 3463 334 3519 Sintenis
353 3465 412 3519 Em.
431 3465 513 3520 Dion.
533 3466 619 3521 11111

344 3109 474 3164 οὑλονται
493 3110 547 3165 del.
563 3109 663 3164 Garrer
678 3111 744 3166 obs.
758 3130 785 3180 p.
800 3116 835 3165 34
890 3117 906 3164 8
925 3117 1020 3180 κρῖναι
1034 3111 1059 3163 Α
1075 3113 1173 3181 κρίναι
