2508 3882
505 239 672 290 -Η-
1030 239 1096 334 209

91 392 123 460 δὲ
151 396 316 474 καλάνδας
342 402 518 465 καλοῦσιν·
551 399 634 484 αὕτη
662 401 726 485 γὰρ
753 395 796 485 ἦν
827 401 849 485 ἡ
881 401 1009 466 λύσασα
1037 403 1096 468 τὸν

40 506 226 588 ιεεεπδλεμον
247 503 363 591 ἡμέρα.
409 491 551 594 ένιαυτςδ
580 503 611 571 δ’
635 505 778 592 ὕστερον
808 503 908 597 ἑτέρῳ
931 509 1012 593 μετὰ
1034 510 1131 593 τὴνδ

5 653 6 694 η
90 611 215 695 πρώτην
241 614 369 678 θυσίαν
396 611 415 678 ὁ
446 611 727 691 κατασκευασθεὶς
758 613 795 680 έκ
825 625 893 680 τῶν
924 616 1097 699 δημοσίων

5 713 6 766 3
90 715 257 800 χρημάτων
284 717 368 794 νεὼς
395 716 619 804 συνετελέσθη
643 743 677 786 τε
699 716 755 784 καὶ
777 721 971 805 καθιερώθη
994 723 1097 787 Κοιν-

90 825 186 888 τιλίου
216 824 320 907 μηνὸς
348 820 475 912 ἑβδόμη
498 824 639 908 μάλιστα
661 826 743 892 κατὰ
767 827 923 910 σελήνην·
952 826 1034 911 αἱίτη
1059 823 1097 892 δὲ
1123 848 1137 890 ε

6 917 7 930 ’
89 929 161 992 κατὰ
178 924 361 1012 Ἦωμαίους
388 927 480 996 έστὶν
508 931 526 997 ὁ
549 929 782 1016 προηγουμένη
805 941 873 998 τῶν
895 935 1097 999 Κοιντιλίων

90 1044 199 1099 νωνῶν
227 1031 343 1121 ἡμέρα.
389 1036 408 1102 δ
437 1032 474 1101 δέ
500 1039 710 1122 καθιερώσας
738 1037 840 1104 αὐτὸν
870 1033 914 1123 ἦν
943 1041 1098 1125 Πρόκλος

92 1139 284 1226 Οὐεργίνιος
306 1143 424 1229 ἅτερος
444 1153 513 1210 τῶν
534 1143 678 1210 ὑπάτων.

6 1321 7 1336 ρ
146 1246 232 1312 LVI.
281 1251 346 1332 Εἱη
375 1244 407 1312 δ’
439 1247 482 1314 ἀν
510 1248 676 1335 ἁρμόττον
703 1250 850 1336 ἱστορίας
876 1252 1016 1335 σχήματι
1042 1248 1097 1316 καὶ

6 1345 7 1421 ί
90 1350 346 1439 ἐπανορθώσεως
373 1353 469 1420 ἕνεκα
496 1366 564 1421 τῶν
595 1353 759 1440 οἰομένων
782 1353 853 1441 μήτ’
883 1354 935 1422 έπὶ
957 1368 1029 1434 ταῖς
1051 1381 1098 1422 τι-
1113 1379 1139 1420 ιο

90 1471 156 1542 μαῑς
178 1471 251 1536 ταῖς
274 1457 352 1545 παρ’
375 1457 566 1546 ἀνθρώπων
583 1463 712 1547 χαίρειν
730 1464 809 1539 τοὺς
826 1464 929 1538 θεοὺς
951 1459 1023 1546 μήτ’
1045 1461 1099 1527 έπὶ

90 1577 150 1642 ταῖς
168 1565 321 1643 ἀνοσίοις
338 1562 394 1631 καὶ
417 1563 545 1644 ἀδίκοις
567 1567 726 1652 πράξεσιν
750 1567 957 1652 ἀγανακτεῖν,
979 1569 1017 1634 τὸ
1041 1570 1099 1653 δη-

90 1676 183 1737 λῶσαι
212 1673 275 1756 την
303 1669 488 1758 γενομένην
516 1673 712 1759 ἐπιφάνειαν
735 1684 792 1759 τῆς
814 1681 899 1741 θεοῦ
921 1671 992 1740 κατ’
1018 1674 1099 1740 ἐκεῖ·

90 1800 143 1842 νον
168 1781 230 1844 τὸν
254 1783 379 1866 χρόνον
407 1780 470 1867 οὐχ
493 1779 593 1865 ἀπαξ,
616 1779 700 1845 ἀλλὰ
727 1778 782 1847 καὶ
811 1783 877 1864 δίς,
904 1782 949 1859 ῶς
976 1783 1013 1847 αἱ
1032 1794 1099 1848 τῶν

8 1896 9 1938 1
92 1884 293 1970 ἱεροφαντῶν
319 1882 510 1971 περιέχουσι
537 1890 678 1973 γραφαί,
705 1888 761 1952 ἱνα
790 1897 859 1965 τοὶς
881 1883 942 1972 μέν
965 1887 1100 1974 εὐλαβε-
1114 1908 1140 1949 1⁵
1242 1973 1245 1980 Δ

9 2013 10 2050 1
44 1989 212 2074 16406ve'90t3
228 1989 305 2077 περὶ
318 1993 357 2057 τὸ
377 1991 540 2078 συνέχειν,
559 1993 598 2070 ἃς
614 1994 703 2080 παρά
721 2004 788 2060 τῶν
807 1998 984 2079 προγόνων
1003 1995 1101 2074 δόξας

10 2126 11 2135 ¹
91 2094 164 2182 ὑπὲρ
181 2105 244 2164 τοῦ
264 2099 441 2182 δαιμονίου
455 2097 657 2184 παρέλαβον,
675 2098 948 2184 ἀμεταμέλητοςὴ
965 2101 1099 2184 τοιαύτη
1132 2117 1137 2128 “

10 2253 11 2256 ,
91 2207 284 2288 προαίρεσις
298 2201 355 2268 καὶ
378 2207 495 2288 βεβαία
514 2202 666 2291 διαμένη,
688 2215 758 2281 τοῖς
776 2201 806 2269 δ’
828 2203 1015 2289 ὑπερορῶσι
1033 2216 1101 2270 τῶν

92 2313 233 2395 πατρίων
261 2308 411 2392 ἐθισμῶν
438 2308 494 2375 καὶ
521 2312 668 2395 μηθενὸς
699 2320 833 2376 ποιοῦσι
860 2311 897 2375 τὸ
925 2310 1101 2393 δαιμόνιον

11 2469 12 2474 ,
92 2427 151 2481 τῶν
181 2415 411 2501 ἀνθρωπίνων
434 2418 744 2502 λογισμῶνκύριον
766 2416 906 2500 μάλιστα
933 2411 995 2499 μέν
1021 2415 1101 2481 ἀνα·
1114 2439 1141 2478 νο

11 2523 12 2568 ³
93 2519 209 2587 θέσθαι
237 2522 362 2606 ταύτην
389 2521 450 2604 την
479 2519 596 2606 δόξαν,
625 2524 656 2587 εἱ
677 2518 709 2587 δ’
734 2521 875 2598 ἀνιάτως
897 2523 1030 2606 ἔχουσιν
1053 2525 1101 2587 ἔτι

11 2607 12 2700 J
95 2633 213 2711 μᾶλλον
246 2627 358 2704 αὐτοῖς
388 2626 637 2712 ἀπεχθάνεσθαι
666 2625 722 2694 καὶ
753 2625 1102 2713 κακοδαιμονεστέροις

11 2735 12 2816 ]
95 2729 181 2800 εἱναι.
229 2736 408 2820 ἱστορεῖται
430 2737 558 2818 τοίνυν,
581 2735 632 2800 ὅτι
650 2744 708 2820 τῆς
726 2739 849 2820 βουλῆς
870 2735 1137 2821 ψηφισαμένηςῖ

11 2827 12 2870 ³
97 2837 128 2905 ἐκ
151 2851 210 2908 τοῦ
239 2843 404 2926 δημοσίου
430 2842 539 2918 πάσας
565 2841 849 2927 ἐπιχορηγηθῆναι
878 2842 936 2919 τὰς
965 2844 1012 2920 είς
1043 2845 1103 2908 τὸν

11 2941 12 3018 ξ
97 2949 174 3014 νεών
206 2971 242 3013 τε
270 2945 326 3013 καὶ
353 2950 391 3014 τὸ
421 2946 543 3026 ξόανον
570 2948 736 3031 δαπάνας,
767 2947 880 3034 ἕτερον
911 2944 941 3013 δ’
973 2949 1103 3034 ἀγαλμα
1117 2973 1143 3014 ω

11 3039 12 3054 ’
98 3053 428 3139 κατασκευασαμένων
456 3066 523 3121 τῶν
552 3065 722 3138 γυναικῶν
749 3053 806 3140 ἀφ’
834 3049 882 3121 ὧν
905 3052 1001 3121 αὐταὶ
1025 3073 1104 3122 σνν-

161 3218 176 3266 2
196 3211 318 3281 δευτέρω
337 3228 360 3266 c.
380 3209 526 3281 Kiessling
582 3217 598 3264 3
617 3214 776 3282 δημοτικῶν
794 3212 820 3266 Α
872 3209 1104 3285 4Κ<υ>ντιλλίῳ

99 3279 167 3336 ABb
246 3267 496 3355 61ἱ<α>ντιλλὶων
514 3281 591 3337 ABb
670 3282 815 3338 ’ίνόνναν
832 3281 908 3336 ABb
982 3287 1016 3334 14
1034 3282 1105 3336 ἀλλὰ

101 3351 156 3407 εδδ.
174 3355 197 3407 Β
218 3357 223 3422 Ι
244 3354 293 3408 καὶ
312 3371 366 3408 om.
385 3353 409 3406 B
463 3361 498 3409 20
517 3351 684 3410 ἀναθέσθαι
702 3347 719 3427 ᾖ
738 3353 842 3408 Βείεὶεε
860 3354 887 3406 ἀ.
907 3358 989 3422 περιῇ
1008 3351 1106 3408 Kiess-

100 3419 153 3492 ling
224 3431 258 3479 22
278 3424 461 3495 ἀπέχθεσθαι
481 3443 502 3480 c.
518 3424 663 3496 Kiessling
741 3431 776 3481 25
794 3423 889 3480 νεὼΒ
966 3429 1001 3480 26
1020 3419 1106 3480 αὗται
1246 3399 1250 3504 ἱ

101 3491 202 3551 Ooorr.
222 3495 345 3566 Sylburg
1249 3509 1250 3520 ¹

145 3594 244 3638 Dmm.
259 3596 325 3636 Ηεα.
340 3595 384 3636 ΙΠ.
408 3605 448 3636 το.
461 3596 565 3638 λεεωεν.
912 3589 946 3638 14
