2484 3876
517 213 679 262 -Ζ-
1042 207 1104 274 109

81 377 153 448 λοις
176 373 430 456 κοινωσάμενος
448 373 488 437 τὰ
507 375 738 457 συμβεβηκότα
754 371 810 438 καὶ
832 369 1026 450 κελευσθείς
1043 369 1100 439 ὑπ’

80 477 224 543 ἐκείνων
246 479 342 561 ήκειν
361 477 414 544 ἐπὶ
431 479 494 562 τήν
511 481 648 563 βουλήν.
694 479 826 558 διεξιὼν
845 475 883 545 δέ
901 490 1003 546 ταῦτα
1023 477 1106 544 κατὰ

81 587 207 668 μικρὸν
221 584 331 650 ἐδόκει
345 596 412 650 τῶν
426 583 624 670 ἀλγηδόνων
633 581 912 651 ἀπαλλάττεσθαι·
926 581 982 651 καὶ
992 583 1106 669 ἐπειδὴ

80 687 194 755 πάντα
224 690 401 775 διεξῆλθεν
429 690 572 768 ἀναστάς
603 690 639 756 ἐκ
670 700 731 757 τοῦ
761 693 928 758 κλινιδίου
960 687 1016 756 καί
1047 691 1107 756 τὸν

81 797 167 862 θεὸν
182 795 376 880 ἀναβοήσας
394 793 493 883 ἀπήει
510 808 581 874 τοῖς
600 793 720 862 ἑαυτοῦ
737 793 817 862 ποσὶ
836 797 891 861 διά
909 805 968 880 τῆς
979 799 1107 873 πόλεως
1121 712 1172 946 εή

84 904 204 968 οἴκαδε
226 903 334 985 ὑγιής.

153 1007 331 1074 LXVIIII.
362 1007 411 1073 ‘H
438 1006 477 1075 δὲ
507 1011 613 1094 βουλή
646 1007 744 1087 δέους
769 1008 941 1086 ἀνάπλεως
968 1005 1109 1091 ἐγένετο,

84 1113 141 1180 καί
165 1115 297 1200 ἀχανής
318 1112 361 1198 ήν
383 1115 519 1193 ἕκαστος
541 1116 603 1181 ούκ
632 1117 717 1202 ἔχων
740 1105 939 1206 συμβαλεῖν,
966 1115 985 1180 ὅ
1012 1135 1044 1179 τι
1070 1115 1108 1180 τὸ
1166 1141 1190 1166 ν

85 1223 305 1306 δηλούμενον
318 1217 360 1306 ήν
373 1222 439 1288 ὑπὸ
453 1231 513 1289 τοῦ
526 1230 623 1306 θεοῦ,
641 1219 696 1288 καί
716 1225 765 1299 τίς
778 1242 856 1288 ποτε
872 1221 890 1287 ὁ
904 1231 962 1305 τής
978 1229 1110 1305 πομπής

25 1329 257 1414 ιειεόρχηστής
279 1330 529 1413 προηγούμενος
551 1329 592 1396 ού
615 1331 715 1405 καλὸς
738 1327 826 1416 αύτῷ
849 1327 966 1414 ἐφάνη.
1000 1330 1110 1394 ἔπειτα
1124 1351 1150 1393 ιο

85 1434 180 1518 λέγει
214 1458 266 1510 τις
297 1433 330 1512 ἐξ
359 1435 469 1500 αὐτῶν
500 1433 729 1520 ἀναμνησθείς
757 1437 795 1502 τὸ
825 1438 1023 1520 γευόμενον,
1054 1431 1109 1498 καὶ

84 1541 214 1616 πάντες
242 1538 481 1631 ἐμαρτύρησαν.
531 1537 574 1626 ήν
607 1541 644 1607 δέ
671 1541 816 1608 τοιόνδε·
845 1540 930 1626 ἀνήρ
953 1538 1111 1624 Ῥωμαίος

85 1645 319 1735 ούιι-ἀφανής
350 1647 542 1731 θεράποντα
578 1648 667 1713 ίδιον
705 1645 759 1714 ἐπὶ
789 1650 929 1734 τιμωρίη
960 1645 1110 1711 θανάτου

86 1753 267 1838 παραδοὺς
288 1764 358 1829 τοῖς
381 1753 579 1837 ὁμοδούλοις
601 1753 712 1838 ἀγειν,
735 1755 791 1819 ἵνα
818 1754 861 1837 δή
883 1753 1068 1838 περιφανής
1089 1752 1110 1836 ή

88 1860 237 1944 τιμωρία
259 1865 320 1924 τοῦ
342 1857 526 1943 ἀνθρώπου
545 1857 691 1943 γένηται,
715 1855 758 1925 δι’
781 1858 904 1945 ἀγοράς
921 1859 1024 1924 αὐτὸν
1044 1858 1111 1924 έκέ-
1127 1880 1152 1922 ιι

88 1971 193 2030 λευσε
221 1965 487 2047 μαστιγούμενον
515 1963 624 2030 ἕλκειν
649 1962 706 2030 καί
733 1971 768 2030 εί
789 1988 839 2042 τις
868 1965 968 2043 ἄλλος
989 1960 1033 2049 ήν
1055 1975 1113 2050 τής

86 2075 221 2146 πόλεως
255 2072 355 2146 τόπος
388 2063 551 2154 ἐπιφανής
583 2071 773 2155 ἡγούμενον
802 2080 860 2155 τής
887 2080 1035 2156 πομπής,
1069 2071 1112 2155 ἣν

88 2179 227 2243 ἔστελλε
251 2183 296 2262 τῷ
319 2181 389 2262 θεῷ
413 2174 485 2241 κατ’
514 2177 725 2243 ἐκεῖνοντὸν
746 2179 864 2262 καιρὸν
887 2177 907 2260 ή
930 2180 1034 2254 πόλις.
1080 2179 1116 2243 οί
1127 2185 1148 2248 2

90 2277 122 2347 δ’
145 2283 287 2365 άγοντες
304 2284 363 2348 τὸν
381 2283 574 2368 θεράποντα
596 2280 650 2350 ἐπὶ
668 2285 729 2368 τήν
747 2286 908 2370 τιμωρίαν
926 2283 984 2358 τὰς
1000 2292 1112 2369 χεῖρας

1189 1639 1208 1676 ν

90 2387 328 2465 ἀποτείναντες
355 2387 542 2474 ἀμφοτέρας
566 2388 620 2455 καὶ
643 2389 731 2478 ξύλῳ
754 2391 1002 2475 προσδήσαντες
1024 2389 1113 2473 παρά
1127 2410 1154 2451 ιο

28 2497 133 2562 1480τά
157 2493 281 2579 στέρνα
308 2516 343 2558 τε
369 2492 425 2558 καὶ
452 2496 532 2572 τοὺς
560 2496 671 2579 ὤμους
691 2493 747 2560 καί
770 2494 865 2580 μέχρι
887 2506 954 2559 τῶν
978 2504 1114 2578 καρπῶν

94 2603 250 2684 διήκοντι
262 2601 545 2686 παρηκολούθουν
559 2600 727 2680 ξαίνοντες
740 2600 870 2686 μάστιξι
884 2603 1013 2684 γυμνὸν
1024 2602 1113 2667 ὄντα.

95 2709 113 2773 ὁ
141 2704 175 2772 δ’
208 2706 246 2772 ἑν
273 2707 386 2792 τοιᾷδε
420 2704 548 2790 ἀνάγκη
575 2708 798 2793 κρατούμενος
825 2706 905 2790 ἐβόα
936 2729 970 2771 τε
1000 2709 1115 2792 φωνάς

97 2815 312 2899 δυσφήμους,
335 2812 373 2890 ἃς
395 2811 416 2895 ή
440 2811 595 2897 ἀλγηδὼν
619 2813 790 2897 ἐβούλετο,
813 2810 868 2878 καὶ
890 2815 1037 2897 κινήσεις
1059 2814 1115 2879 διὰ

96 2921 157 3004 τήν
183 2922 295 2984 αἰκίαν
313 2918 502 3003 ἀσχήμονας
520 2917 668 2985 ἐκινεῖτο.
705 2929 826 2984 τοῦτον
845 2919 886 3002 δή
904 2919 1024 2998 πάντες
1042 2919 1115 2985 ένό-
1129 2939 1155 2980 ιε

171 3171 549 3248 2ήκε.υΒαήκενΑΒὶ)
629 3179 860 3250 9δπρδτήςΒ
940 3187 973 3235 10
992 3177 1116 3249 προαγύ

99 3271 184 3321 μενος
200 3251 226 3304 Α
245 3250 383 3320 ἀγόμενος
401 3251 423 3304 Β
441 3251 651 3322 προηγούμενος
671 3251 793 3320 Sylburg
879 3257 911 3305 19
932 3246 978 3304 έπλ
996 3251 1116 3319 τιμωρία

98 3340 121 3377 c.
142 3323 249 3376 (ἔταττεν
268 3321 334 3376 obs.
353 3341 381 3391 p.
401 3328 435 3376 ⁷6
535 3329 569 3376 22
588 3321 858 3444 ξ<αι>νοντὲε>ςΒ
958 3328 991 3374 23
1011 3316 1042 3373 έν
1061 3303 1115 3377 det.

98 3393 247 3461 Kiessliug
353 3399 388 3448 25
412 3390 533 3448 ἐποιεῖτο
556 3393 581 3446 Α
605 3390 723 3448 ἐκινεῖτο
794 3391 925 3458 idemque
948 3389 1115 3445 Plutarchus

100 3463 204 3519 Coriol.
224 3483 251 3533 p.
267 3470 301 3518 24
320 3463 393 3532 legit
