2496 3878
137 175 183 239 44
561 177 724 226 -z-

138 346 302 423 παροῦσιν
330 336 399 402 ἐκεῖ
423 347 490 402 τῶν
518 336 724 420 ἐπιτηδείαν·
759 335 795 401 οί
820 331 851 398 δ’
874 333 997 400 ἐνθάδε
1019 332 1163 416 ὑπομεί-

137 465 255 519 ναντες
281 437 380 526 ἧττον
408 445 600 520 σπανίζουσι
627 451 685 525 τῆς
712 439 847 526 ἀγορᾶς·
883 441 904 522 ἥ
931 437 961 504 τ’
988 440 1165 523 ἰσομοιρία

140 557 197 631 τῆς
219 549 331 634 τύχης,
352 543 391 632 ἧς
414 547 614 633 μετέσχομεν
634 547 716 632 ὑμῖν
738 559 808 624 τοῖς
831 548 1021 630 δημοτικοῖς
1045 544 1081 609 οί
1096 564 1167 609 πα-

141 659 261 739 τρίκιοι
283 657 394 744 κλήρῳ
417 655 634 738 ποιησάμενοι
657 656 718 738 την
741 653 874 736 ἔξοδον,
896 651 938 717 ού
961 650 1106 734 ψέγεται.

114 782 127 822 ε
207 759 380 826 XXVIIII.
426 763 469 824 Τί
498 753 561 827 οὖν
593 762 759 836 παθόντες
790 760 826 825 οί
855 753 1050 843 δημαγωγοὶ
1082 753 1167 840 περὶ

141 867 269 932 τούτων
291 867 372 950 ἡμῖν
394 865 603 950 ἐγκαλοῦσιν,
627 860 675 931 ὧν
697 867 812 942 κοινὰς
835 867 973 950 ἔσχομεν
996 865 1054 940 τὰς
1073 864 1167 946 γνώ-

142 997 205 1056 μας
222 971 278 1038 καὶ
296 973 353 1048 τάς
370 973 481 1056 τύχας,
504 978 567 1036 είτε
587 973 709 1038 δεινῶν
727 973 847 1052 όντων,
867 972 911 1048 ὡς
930 965 1027 1036 οὗτοί
1042 986 1167 1053 φασιν,

107 1075 200 1147 2είτ’
230 1077 422 1161 ὠφελίμων,
449 1078 559 1161 ὥσπερ
585 1078 680 1161 ἡμεῖς
707 1075 855 1161 οἰόμεθ’;
888 1072 994 1160 ἃμέν
1016 1077 1081 1158 γὰρ
1106 1071 1168 1139 ἐπὶ

141 1181 181 1268 τῇ
209 1180 327 1248 νεωστὶ
355 1186 459 1268 βουλῇ
488 1182 676 1269 [γενομένη]
706 1181 941 1267 διαβεβλήμεθ’
969 1179 1024 1247 ὑπ’
1048 1182 1169 1246 αὐτῶν

102 1312 129 1352 10
142 1289 187 1365 ὡς
209 1288 270 1353 οὐκ
292 1287 461 1366 ἀξιοῦντες
480 1289 653 1372 μετριάσαι
670 1286 746 1374 περὶ
763 1289 821 1365 τάς
838 1290 934 1372 τιμάς
950 1297 1008 1372 τῆς
1024 1286 1169 1373 ἀγορᾶς,

143 1396 189 1471 ὡς
220 1393 491 1478 ἐπιβουλεύοντες
522 1392 707 1478 ἀφελέσθαι
737 1396 799 1478 τὴν
826 1393 980 1472 ἐξουσίαν
1006 1404 1073 1458 τῶν
1102 1395 1170 1476 δη-

143 1501 295 1586 μάρχων,
320 1501 364 1577 ὡς
387 1509 667 1584 μνησικακοῦντες
688 1500 770 1585 ὑμῖν
793 1511 851 1585 τῆς
873 1499 1083 1576 ἀποστάσεως
1105 1495 1170 1564 καὶ

143 1606 243 1673 παντὶ
273 1609 384 1695 τρόπῳ
416 1607 691 1690 προθυμούμενοι
723 1617 868 1672 κακῶσαι
900 1609 938 1671 τὸ
969 1608 1169 1690 δημοτικόν,

143 1710 198 1777 καὶ
229 1713 337 1778 πάντα
363 1713 403 1776 τὰ
429 1709 552 1779 τοιαῦτ’
580 1709 766 1796 ἐγκλήματα
794 1713 902 1797 ἔργοις
928 1709 1163 1796 ἀπολυσόμεθ’

105 1839 131 1881 15
145 1817 206 1885 οὐκ
233 1819 280 1894 εἰς
307 1818 436 1902 μακρὰν
464 1819 539 1883 ούτε
567 1820 670 1884 κακὸν
698 1815 803 1883 οὐθὲν
829 1818 915 1902 ὑμᾶς
943 1817 1171 1904 ἐργασάμενοι

144 1925 206 2006 την
224 1921 252 1988 τ’
274 1921 426 2000 ἐξουσίαν
444 1933 511 1989 τῶν
530 1924 718 2009 δημάρχων,
743 1920 794 2008 ἐφ’
814 1916 864 2000 οἷς
881 1927 954 1990 τότε
974 1929 1172 2010 συνεχωρή-

147 2047 250 2112 σαμεν
273 2029 353 2112 ὑμῖν
377 2032 479 2114 ἔχειν,
505 2028 561 2094 καὶ1
583 2039 648 2094 νῦν
670 2033 897 2114 βεβαιοῦντες,
922 2039 982 2095 τοῦ
1006 2027 1042 2095 δὲ
1065 2035 1235 2096 σίτου137ι

145 2137 207 2220 τὴν
239 2136 417 2220 διάπρασιν
446 2136 492 2212 ὡς
519 2135 562 2201 ἀν
588 2136 669 2220 ὑμῖν
696 2137 798 2200 ἅπασι
827 2135 906 2222 δόξη
933 2137 1171 2221 ποιησάμενοι.

145 2244 392 2327 περιμείναντες
424 2235 501 2325 οὖν,
535 2241 593 2306 ἐάν
620 2265 652 2307 τι
680 2243 724 2325 μὴ
752 2241 886 2326 γίνηται
913 2243 1057 2325 τούτων,
1088 2247 1172 2310 τότε

32 2378 50 2429 7
107 2315 356 2433 ssxavnyooem
376 2347 477 2432 ἡμῶν.
510 2350 543 2413 εί
560 2345 596 2413 δὲ
615 2352 833 2433 βουληθείητε
853 2348 996 2433 ἀκριβῶς
1014 2347 1173 2426 ἐξετάσαι

145 2455 185 2518 τά
218 2456 379 2540 διάφορα,
411 2457 617 2540 δικαιότερον
650 2454 692 2519 ἀν
723 2453 817 2538 ἡμεῖς
848 2455 883 2520 oc
907 2458 1073 2538 πατρίκιοι
1101 2467 1172 2523 τοῦ

147 2562 255 2644 δημου
282 2565 560 2645 κατηγοροίημεν,
582 2559 608 2646 ἔῆ
637 2563 698 2646 τὴν
720 2562 848 2645 βουλὴν
870 2560 964 2644 ὑμεῖς
986 2563 1090 2646 ἔχοιτε
1115 2561 1168 2627 δι’

147 2667 261 2741 αἰτίας.
311 2663 452 2729 ἀδικεῖτε
485 2667 547 2750 γὰρ
579 2664 679 2748 ἡμᾶς,
716 2663 741 2730 ὦ
775 2669 928 2749 δημόται,
964 2664 1020 2731 καὶ
1052 2664 1174 2750 μηθὲν

148 2770 335 2857 ἀχθεσθῆτε
358 2769 548 2854 ἀκούοντες,
571 2777 605 2834 εί
620 2769 649 2854 γ’
669 2772 730 2836 οὐκ
749 2771 984 2855 ἀναμείναντες
1001 2781 1059 2856 της
1077 2775 1174 2854 γνώ-

108 2896 135 2938 ιι
149 2901 211 2961 μης
232 2876 327 2961 ἡμῶν
350 2882 472 2959 μαθεῖν
495 2879 531 2941 τὸ
555 2874 648 2952 τέλος
669 2888 865 2960 κατηγορεῖν
887 2877 951 2961 ἤδη
974 2878 1076 2961 αὐτῆς
1093 2877 1173 2956 ἀξι-

219 3039 235 3086 ῦ
254 3029 398 3094 παθόντες
417 3031 439 3086 Ο
458 3030 644 3105 <π>αθόντες
662 3031 709 3085 Bb
728 3031 870 3102 μαθόντες
888 3050 911 3088 ο.
930 3033 1075 3102 Kieseling
1149 3041 1172 3090 8

147 3124 268 3210 οἰόμεθα
287 3139 351 3220 Ba·
389 3144 404 3192 9
423 3145 457 3220 τῇ
477 3140 562 3211 βουλῇ
580 3138 679 3192 νεωστὶ
696 3136 834 3209 γενομένη
853 3138 1174 3220 ο.Κίεεε1ἱυς*γενο-

147 3210 218 3283 μένη
244 3209 324 3264 uncis
342 3208 446 3263 molum
518 3216 552 3264 15
576 3204 757 3300 ἐργασάμενοι
776 3226 799 3264 ο.
817 3193 920 3291 βειελεε
939 3205 1121 3280 ἐργαζόμενοι
1141 3229 1170 3302 ρ,

148 3280 237 3335 Cobet
255 3281 320 3336 obs.
340 3298 368 3349 p.
386 3286 436 3334 140
491 3286 524 3335 17
543 3300 592 3335 του
611 3299 641 3334 τε
660 3282 736 3335 σίτου
756 3298 777 3334 ο.
793 3279 938 3349 Klosshng
996 3288 1026 3336 18
1044 3299 1175 3350 ποιησα-

148 3369 229 3420 μενοι
253 3350 355 3404 Reiske
379 3350 606 3420 ποιησόμενοιΟ
679 3357 712 3405 22
737 3349 774 3476 ἢχ
788 3350 815 3405 εί
831 3350 878 3404 Ba,
895 3367 964 3406 corr.
985 3368 1054 3420 ειη
1129 3359 1175 3407 24

151 3423 181 3474 ελ
194 3439 226 3490 γε
245 3420 268 3474 O
287 3422 320 3474 οἴ
333 3439 365 3489 γε
384 3438 405 3474 ο.
427 3421 550 3476 Sintenis
568 3421 628 3476 Em.
647 3421 729 3479 Dion.
776 3423 789 3476 I
810 3429 840 3474 11
