2496 3878
513 153 674 202 -Ζ-
1060 151 1100 216 19

78 307 316 395 Ἀριστόδημον
347 307 404 375 καλ
436 313 516 388 τοὺς
540 313 662 388 παῖδας
691 311 796 378 αὐτοῦ
823 310 878 378 καὶ
904 314 967 398 τὴν
994 313 1100 398 ἀλλην

27 415 278 500 τεεεσυγγέυειαν
296 420 522 501 συλλαβόντες
535 418 610 504 άχρι
625 423 750 502 πολλῆς
763 420 883 496 νυκτὸς
897 420 1102 504 αίκιζόμευοί

77 546 110 587 τε
133 520 187 588 καὶ
212 526 454 607 στρεβλοῦντες
477 521 532 588 καὶ
549 533 652 589 πᾶσιν
671 523 717 600 ὡς
734 525 840 589 είπεῐν
859 527 1098 610 λυμαινόμενοι

76 641 187 706 κακοῖς
202 628 410 696 ἀπέκτειναν.
441 628 615 706 ἀνελόντες
634 625 671 694 δὲ
689 631 750 715 τὴν
764 632 967 718 τυραννικὴν
985 633 1128 718 οίκίανό

76 738 274 820 πρόρριζον,
303 736 347 813 ὡς
374 738 456 820 μήτε
482 737 599 802 παιδία
626 738 706 821 μήτε
729 748 889 820 γυναῖκας
911 739 992 822 μήτε
1015 754 1095 823 συγ-
1121 761 1133 802 ι

76 840 207 924 γένειαν
231 844 382 926 μηθενὸς
400 841 510 908 αὐτῶν
529 847 721 916 καταλιπεῖν
740 841 796 910 καὶ
816 839 860 908 δι’
881 843 959 926 ὅλης
977 845 1096 921 νυκτὸς

77 949 221 1024 ἅπαντας
250 947 545 1035 ἐξερευνησάμενοι
574 951 653 1026 τοὺς
679 951 864 1035 συνεργοὺς
891 957 949 1033 τῆς
976 971 1096 1034 τυραν-

76 1055 166 1131 νίδος
203 1052 330 1141 ἡμέρας
366 1051 546 1139 γενομένης
577 1059 752 1141 προῆλθον
785 1057 833 1132 είς
864 1056 926 1139 τὴν
958 1053 1094 1141 ἀγοράν.

76 1163 181 1226 ἔπειτα
206 1158 471 1244 συγκαλέσαντες
497 1162 556 1228 τὸν
580 1162 688 1245 δῆμον
711 1162 760 1238 είς
782 1159 958 1246 ἐκκλησίαν
981 1159 1094 1228 ἀποτί-

75 1273 188 1332 θενται
210 1268 250 1332 τά
270 1267 355 1332 ὅπλα
373 1264 429 1332 καὶ
447 1268 508 1351 τὴν
526 1266 667 1353 πάτριον
681 1269 898 1334 καθίστανται
912 1271 1091 1336 πολιτείαν.
1107 1291 1133 1330 ιο

134 1371 212 1438 ΧΠ.
242 1368 317 1436 Ἐπὶ
343 1381 465 1438 τοῦτον
492 1373 534 1456 δὴ
562 1373 622 1438 τὸν
642 1369 881 1459 Ἀριστόδημον
912 1375 984 1450 ἔτος
1007 1373 1092 1458 ὁμοῦ

15 1515 16 1576 ρ
75 1503 103 1543 τι
124 1476 484 1564 τεσσαρεσκαιδέκατον
507 1480 572 1564 ἤδη
590 1487 821 1565 τυραννοῦντα
840 1479 957 1563 Κύμης
976 1480 1011 1544 οί
1027 1481 1091 1545 σύν

79 1589 252 1674 Ταρκυνίῳ
267 1585 414 1670 φυγάδες
427 1585 666 1669 καθιστάμενοι
681 1585 742 1668 τὴν
756 1585 838 1650 κατὰ
857 1593 916 1667 τῆς
933 1586 1092 1670 πατρίδος

74 1691 253 1776 ἐβούλοντο
281 1691 545 1757 συντελέσασθαι
572 1692 679 1775 δίκην.
717 1691 753 1756 οί
778 1687 815 1754 δὲ
842 1689 996 1776 πρέσβεις
1022 1703 1090 1757 τῶν

70 1795 235 1883 Ῥωμαίων
269 1795 350 1874 τέως
382 1793 444 1882 μὲν
477 1795 671 1881 ἀντέλεγον,
703 1796 749 1874 όις
780 1793 850 1862 οὔτ’
883 1795 936 1862 ἐπὶ
969 1807 1090 1864 τοῦτον
1105 1817 1131 1858 ιο

73 1906 205 1988 ἥκοντες
227 1907 288 1970 τὸυ
312 1903 426 1988 ἀγῶνα
444 1900 514 1970 οὔτ’
537 1902 691 1981 ἐξουσίαν
712 1903 853 1989 ἔχοντες,
875 1902 918 1986 ἣν
937 1903 999 1970 οὐκ
1017 1903 1089 1970 ἐπέ·
1118 1987 1125 1999 ⁶

72 2023 187 2097 τρεψεν
208 2010 325 2087 αὐτοῖς
342 2011 362 2094 ἡ
382 2012 488 2095 βουλὴ
507 2007 653 2096 περὶτῆς
670 2011 797 2086 πόλεως
814 2008 1090 2095 ἀπολογήσασθαι

73 2119 204 2202 [δίκην]Ι
243 2116 289 2192 ὡς
312 2111 341 2180 δ’
365 2111 470 2181 οὐθὲν
495 2115 682 2202 ἐπέραινον,
705 2113 776 2180 ἀλλ’
800 2115 1010 2198 ἐγκεκλικότα
1027 2112 1123 2182 τὸν2

72 2225 236 2310 τύραννον
266 2219 380 2308 ἑώρων
410 2220 464 2288 ἐπὶ
488 2222 615 2309 θάτερα
647 2220 729 2308 μέρη
764 2224 820 2288 διὰ
851 2224 909 2300 τάς
941 2223 1112 2302 σπουδάς

73 2328 120 2394 καὶ
136 2331 199 2407 τὰς
211 2331 434 2415 παρακλήσεις
452 2341 520 2395 τῶν
537 2329 712 2414 φυγάδων,
731 2329 944 2413 αίτησάμενοι
959 2330 1091 2413 Ιγρόυον
1101 2348 1128 2388 εο

28 2439 115 2513 ιεεεείς
132 2435 333 2520 ἀπολογίαν,
350 2433 406 2501 καὶ
425 2438 681 2520 διεγγυήσαντες
699 2436 738 2500 τά
757 2437 890 2518 σώματα
909 2434 1086 2520 χρημάτων

74 2541 105 2605 ἐν
125 2552 171 2629 τῷ
196 2543 254 2606 διά
278 2540 381 2626 μέσου
408 2550 467 2624 τῆς
495 2542 588 2626 δίκης
616 2542 760 2618 οὐθενὸς
787 2543 834 2605 ἐτι
862 2540 1086 2624 φυλάττοντος
1189 2549 1194 2558 ’

74 2649 190 2724 αὐτοὺς
213 2647 418 2734 ἀποδράντες
441 2646 577 2735 ᾤχοντο.
613 2649 822 2733 θεράποντας
846 2642 875 2710 δ’
898 2645 1010 2712 αὐτῶν
1029 2645 1085 2712 καὶ

73 2756 108 2818 τά
133 2755 298 2837 ὑποζύγια
324 2751 380 2818 καὶ
407 2755 447 2819 τά
478 2752 531 2819 ἐπὶ
558 2761 597 2840 τῇ
621 2756 758 2841 σιτωνίηι
780 2751 983 2838 κομισθέντα
1005 2755 1083 2837 χρη-

76 2884 152 2941 ματα
177 2861 195 2926 ὁ
219 2861 385 2946 τύραννος
406 2858 550 2945 κατέσχε.
586 2859 721 2936 ταύταις
743 2854 804 2943 μὲν
828 2853 890 2924 οὖν
911 2870 984 2935 ταῖς
1005 2838 1122 2953 πρε-,35

77 2969 194 3048 σβείαις
216 2977 353 3032 τοιαῦτα
371 2967 559 3042 παθούσαις
582 2964 760 3052 ἀπράκτοις
778 2962 980 3050 ἀναστρέψαι
1003 2981 1082 3030 συν-

16 2067 18 2134 Ι

141 3197 174 3246 17
193 3191 468 3267 ἀπολογ<η>σασθαι
486 3193 533 3247 Bb
552 3193 757 3261 ἀπολογεῖσθαι
775 3193 800 3245 R
874 3197 906 3246 18
925 3193 1007 3259 δίκην
1025 3189 1080 3246 del.

76 3260 172 3317 Reiske
263 3271 295 3318 19
318 3263 427 3333 θάτερα
451 3262 485 3334 με’
503 3264 562 3332 ηΒ
590 3263 700 3334 θάτερα
721 3261 845 3333 τὰμέρη
864 3263 890 3315 R
979 3266 1013 3315 20
1031 3261 1081 3316 καὶ

77 3331 321 3467 ρηρυτςιαρακλήσεις
338 3335 361 3388 Β
380 3335 429 3390 καλ
446 3353 475 3392 π.
605 3340 639 3416 24
658 3336 786 3389 οιτυνίου
805 3335 851 3387 Ba
936 3337 970 3397 26
989 3331 1082 3402 ἀπρά-

881 3488 916 3538 2*
