2496 3878
42 173 203 282 ἐκ
583 219 746 266 -z—
865 179 916 200 ”

160 375 226 467 εἶχε
244 381 323 456 τοὺς
340 380 543 465 πατρικίους,
561 380 683 444 πολλοί
697 400 732 441 τε
750 373 805 442 καὶ
822 372 959 461 χαλεποὶ
973 372 1044 440 κατ’
1062 374 1190 440 αὐτῶν

160 487 311 570 ἐγίνοντο
339 487 433 567 λόγοι
460 493 529 548 τῶν
554 479 615 568 μὲν
648 483 828 568 ὀλιγωρίαν
861 480 1092 564 ἐγκαλούντων
1121 479 1191 546 καὶ

159 593 341 681 ῥᾳθυμίαν,
365 591 415 656 ότι
436 590 497 656 οὐκ
516 588 552 654 ἐκ
569 595 697 656 πολλοῦ
715 575 910 675 προείδοντο
929 588 991 671 τήν
1010 585 1190 672 ἐσομένην

158 707 219 765 τοῦ
247 701 340 764 σίτου
369 697 490 763 σπάνιν
518 695 574 761 καὶ
602 695 922 782 προύμηχανήσαντο
944 694 985 759 τά
1007 697 1090 780 πρὸς
1114 696 1190 780 τὴν

133 805 337 890 τσυμφοράν
360 803 555 887 ἀλεξήματα,
577 813 644 867 τῶν
668 800 699 866 δ’
726 801 759 880 ἐξ
783 800 961 886 ἐπιβουλῆς
981 795 1038 866 ὑπ’
1063 801 1187 867 αὐτῶν

158 907 332 993 γεγονέναι
356 911 460 995 <τήν>
481 910 647 975 σιτοδείαν
667 907 924 993 ἀποφαινόντων
948 905 992 972 δι’
1014 907 1121 993 ὀργήν
1141 931 1184 973 τε

157 1012 214 1080 καὶ
241 1014 424 1099 ἐπιθυμίαν
450 1025 511 1081 τοῦ
537 1026 683 1080 κακῶσαι
710 1018 747 1081 τὸ
778 1016 957 1099 δημοτικὸν
989 1013 1184 1099 ἀναμνήσει

102 1127 217 1205 Ι4τής
239 1121 456 1199 ἀποστάσεως.
494 1123 551 1187 διὰ
572 1123 692 1199 ταύτας
714 1117 776 1207 μὲν
800 1122 841 1206 δή
865 1122 923 1198 τάς
941 1120 1083 1204 αίτίαςή
1105 1131 1183 1186 τῶν

157 1229 353 1314 κληρούχων
374 1227 540 1314 ἀποστολὴ
559 1239 671 1314 ταχεῖα
689 1227 816 1312 ἐγίνετο
834 1215 937 1314 τριῶν
955 1224 1183 1313 ἀποδειχθέν-

119 1357 145 1396 10
159 1357 226 1398 των
253 1333 388 1417 ἀνδρῶν
417 1335 482 1400 ὑπὸ
505 1343 563 1417 τής
584 1338 709 1419 βουλῆς
730 1333 911 1419 ἡγεμόνων.
948 1335 1112 1423 τῷδήμῳ
1136 1331 1182 1400 δὲ

157 1436 226 1505 κατ’
249 1439 351 1527 ἀρχάς
374 1437 436 1525 μέν
458 1436 501 1525 ήν
520 1439 652 1528 ἀσμένῳ
671 1443 749 1518 τοὺς
770 1441 977 1526 κληρούχους
995 1441 1180 1526 διαλαγχά-

156 1569 229 1612 νειν
257 1548 302 1624 ὡς
329 1553 428 1631 λιμοῦ
450 1543 479 1611 τ’
507 1545 835 1636 ἀπαλλαχθησομένῳ
863 1545 920 1611 καὶ
946 1547 1057 1632 χώραν
1080 1547 1229 1630 οίκή-134

157 1668 250 1718 σοντι
274 1653 468 1738 εὐδαίμονα·
498 1651 595 1719 ἔπειτ’
624 1651 865 1742 ἐνθυμουμένῳ
891 1655 951 1719 τὸν
975 1654 1104 1738 λοιμόν,
1135 1652 1177 1730 ὃς

40 1773 51 1800 s
90 1816 92 1821 .
150 1757 194 1824 ’ἐν
216 1767 255 1845 τή
279 1760 444 1846 μελλούση
468 1759 569 1826 αὐτὸν
591 1758 815 1846 ὑποδέχεσθαι
837 1762 932 1824 πόλει
949 1761 1054 1836 πολὺς
1076 1763 1176 1842 γενό-

117 1885 142 1926 ιι
156 1889 256 1950 μενος
277 1867 356 1943 τούς
378 1863 405 1930 τ’
432 1861 608 1952 οἰκήτορας
629 1865 825 1952 διεφθάρκει
848 1863 903 1930 καὶ
926 1862 1002 1942 δέος
1024 1875 1173 1951 παρεῖχε,

156 1973 200 2056 μή
232 1970 288 2038 καὶ
319 1974 398 2049 τοὺς
429 1972 581 2048 ἐποίκους
612 1972 733 2037 ταύτὸν
766 1970 957 2058 ἐργάσηται,
988 1975 1172 2056 μεθίστατο
1226 2053 1227 2063 ¹

154 2078 237 2144 κατὰ
264 2080 384 2164 μικρὸν
410 2079 457 2156 είς
483 2077 641 2144 τάναντία
668 2079 688 2161 ή
716 2079 849 2163 γνώμη,
879 2074 954 2143 ὥστ’
982 2078 1023 2144 οὐ
1050 2082 1175 2145 πολλοί
1225 2111 1226 2135 ι

154 2207 242 2260 τινες
269 2184 440 2270 ἐφάνησαν
468 2185 504 2250 οί
528 2183 674 2271 μετέχειν
704 2187 905 2270 βουλόμενοι
926 2193 984 2269 τῆς
1006 2184 1169 2270 ἀποικίας,

154 2290 238 2376 ἀλλά
260 2293 347 2358 πολὺ
370 2290 525 2368 ἐλάττους
548 2285 633 2374 ὧνή
657 2293 761 2377 βουλή
782 2290 978 2377 ἐψηφίσατο,
999 2290 1055 2356 καὶ
1073 2286 1167 2358 οὗτοι
1222 2295 1223 2349 λ

114 2418 140 2458 ιο
154 2396 185 2462 δ’
206 2399 270 2482 ήδη
295 2409 390 2483 σφῶν
409 2398 519 2463 αὐτῶν
536 2400 784 2481 κατεγνώκεσαν
803 2399 847 2475 ὡς
865 2409 971 2475 κακῶς
989 2402 1166 2482 βεβουλευ-

119 2501 265 2587 5μένων
288 2501 343 2567 καὶ
360 2503 588 2570 ὑπανεδύοντο
607 2504 667 2587 τήν
686 2502 810 2582 ἔξοδον.
843 2505 1034 2590 κατελήφθη
1053 2503 1166 2589 μέντοι

152 2615 251 2673 τοῦτο
273 2610 311 2673 τὸ
335 2607 509 2694 μέροςκαὶ
531 2612 568 2676 τὸ
592 2611 673 2676 ἀλλο
696 2612 734 2675 τὸ
757 2611 802 2695 μὴ
830 2607 987 2687 ἑκουσίως
1010 2614 1164 2696 συναιρό-

153 2735 256 2797 μενον
279 2722 336 2796 τής
354 2711 472 2791 ἐξόδου
491 2713 722 2800 ψηφισαμένης
738 2724 796 2798 τής
814 2720 937 2801 βουλής
955 2715 988 2794 ἐξ
1010 2715 1163 2783 ἁπάντων

224 2946 240 2993 2
260 2939 385 3030 ἐγίνοντο
404 2932 576 3010 Βέγένοντο
593 2940 619 2994 R
637 2935 764 3011 ἐλέγοντο
783 2960 806 2998 ο.
826 2943 948 3013 Sylburg
1028 2950 1046 2998 4
1063 2943 1077 2977 *
1093 2962 1160 3014 προ-

154 3011 409 3081 εμηχανηοαντοΟ
488 3011 574 3081 ότὴν
593 3013 657 3068 add.
676 3012 820 3082 Kiessling
896 3013 1074 3083 sfladdffi
1142 3023 1158 3070 9

152 3077 262 3151 ἐγένετο
282 3099 305 3138 ο.
324 3081 469 3152 Kiessling
583 3089 617 3136 10
636 3079 730 3138 ἐδόκει
747 3093 784 3138 τῶ
804 3084 882 3154 δήμω
902 3085 933 3140 δὲ
953 3085 1091 3155 καταρχὰς
1106 3085 1157 3156 μὲν

151 3149 306 3223 ἀσμένωΑ
330 3161 367 3207 τῶ
386 3152 464 3224 δήμω
483 3153 515 3208 δὲ
534 3154 675 3224 καταρχὰς
693 3155 744 3226 μὲν
762 3149 799 3224 ἦν
817 3155 927 3226 ἀσμένω
947 3158 969 3210 Β
1043 3165 1075 3211 14
1091 3158 1156 3211 θπο-

151 3222 288 3293 δέχεσθαι
306 3227 386 3278 πόλει
404 3224 553 3294 γενόμενος
570 3225 656 3295 vulgo
675 3227 700 3281 ὑ.
719 3228 806 3289 πολὺς
823 3247 848 3296 γ.
863 3227 916 3281 ΑΒ
935 3229 961 3283 θ.
979 3227 1060 3282 πόλει
1076 3229 1156 3289 πολὺς

151 3314 177 3363 γ.
196 3311 219 3349 ο.
238 3291 383 3364 Kiessling
456 3303 488 3350 16
508 3291 640 3358 ἐποίκους
658 3297 734 3351 ΑΒω
752 3299 889 3360 ἀποίκους
907 3298 954 3352 Bb
971 3303 975 3366 Ι
991 3299 1037 3353 ’τὸ
1055 3297 1152 3353 αότόΟ

151 3370 185 3418 21
204 3364 371 3436 κατελήφθη
390 3366 413 3419 Β
432 3368 605 3438 κατελείφθη
624 3367 650 3422 R
712 3376 746 3424 28
760 3369 1018 3440 *συναράμενονΟ
1037 3390 1071 3440 αρ
1089 3385 1152 3424 corr.

152 3450 185 3488 ex
204 3455 252 3504 αιρ
271 3439 303 3490 ut
320 3436 433 3492 videssur
450 3437 473 3490 B
493 3443 696 3510 συναιρόμενον
715 3458 768 3511 ego
