2508 3882
170 226 236 290 270
592 257 626 266 ·-
662 230 689 280 11
726 257 760 268 ·-

168 389 250 472 πρὸς
272 390 352 465 τούς
373 387 438 453 ἀπὸ
460 397 518 472 τῆς
534 386 658 472 Ῥώμης
680 389 821 472 ῆκοντας
839 390 1104 476 ἀποκρινάμενοι,
1124 393 1166 457 ὅτι

169 493 230 558 οὐκ
257 491 290 571 ἐξ
321 493 432 559 αὐτῶν
459 500 575 578 είησαν
607 496 643 559 οί
671 497 934 581 προνομεύοντες
966 498 1027 580 τὴν
1058 500 1168 584 χώραν,

168 597 241 665 ἀλλ’
268 598 392 665 ἐκτῶν
415 601 525 665 ἀλλων
548 597 742 686 Τυρρηνῶν,
765 601 933 667 ἀπέλυσαν
956 606 1035 680 τοὺς
1057 605 1167 689 ἀνδρας

169 702 273 771 οὐδὲν
301 717 367 771 τῶν
396 708 533 771 δικαίων
560 709 770 790 ποιήσαντες·
798 705 912 774 καλοί
936 707 1087 794 πρέσβεις
1108 709 1167 774 ἐπι-

142 812 370 897 στυγηάνουσι
396 824 467 889 τοῖς
491 812 705 891 Οὐιεντανοῖς
733 817 825 879 λείαν
849 813 885 879 ἐκ
906 824 964 898 τῆς
987 815 1093 881 αὐτῶν
1113 817 1167 901 ηύ-

168 942 228 1003 ρας
250 921 378 1001 ἀγουσι.
423 928 526 984 ταῦτα
548 917 625 1004 παρ’
647 919 757 984 αὐτῶν
775 920 795 1003 ἡ
814 921 920 1003 βουλὴ
943 928 1097 1004 μαθοῦσα
1115 942 1167 986 πο-

167 1029 279 1108 λεμεῖν
310 1023 338 1090 τ’
376 1025 558 1109 ἐψηφίσατο
593 1027 808 1103 Οὐιεντανοῖς
838 1024 893 1091 καλ
925 1031 1004 1104 τοὺς
1035 1028 1168 1104 ὑπάτους

132 1128 374 1216 3ἀμφοτέρους
405 1129 534 1214 ἐξάγειν
561 1132 622 1214 τῆν
652 1132 817 1217 στρατιάν.
867 1130 998 1216 ἐγένετο
1028 1129 1087 1218 μὲν
1111 1129 1168 1199 οὖν

166 1233 242 1321 περὶ
263 1247 324 1301 τοῦ
344 1237 507 1320 δόγματος
529 1236 721 1321 ἀμφιλογία,
744 1236 799 1303 καί
818 1237 937 1304 πολλοὶ
960 1235 1047 1324 ἦσαν
1064 1241 1098 1305 οί
1114 1242 1168 1305 τὸν

127 1361 153 1400 10
166 1344 312 1426 πόλεμον
336 1342 397 1406 οὐκ
426 1341 543 1419 ἐῶντες
568 1342 719 1428 ἐκφέρειν
742 1353 799 1427 τῆς
820 1369 855 1410 τε
878 1351 1076 1432 κληρουχίας
1096 1346 1169 1411 ὑπο-

166 1452 406 1533 μιμνήσκοντες
437 1453 514 1526 τοὺς
546 1451 759 1534 δημοτικούς,
791 1446 831 1534 ῆς
862 1475 899 1534 γε
931 1450 1079 1537 πέμπτον
1105 1455 1170 1528 ἐιος

167 1554 391 1640 ἐψηφισμένης
413 1556 479 1621 ὑπὸ
498 1564 558 1621 τοῦ
577 1557 756 1641 συνεδρίου
779 1565 858 1642 κενῆ
876 1560 1107 1636 πιστεύσαντες
1122 1559 1170 1624 ἐλ-

165 1662 238 1725 πιδι
261 1659 478 1745 ἐξηπάτηντο,
500 1659 556 1727 καλ
573 1663 690 1727 κοινὸν
709 1661 951 1746 ἀποφαίνοντες
968 1668 1157 1749 πύλεμον,ε
1143 1666 1171 1728 εί

130 1773 260 1910 4κοινῆ
283 1768 437 1851 ηρῆσεται
460 1769 575 1853 γνώμη
600 1775 688 1832 πάσα
716 1771 883 1900 Ίυρρηνία
907 1781 976 1846 τοῖς
999 1768 1223 1855 ὁμοεθνέσιιιει

126 1924 152 1960 15
130 1849 349 1954 4βοηθοῦσα.
395 1872 436 1937 ού
470 1875 536 1958 μὴν
569 1873 708 1957 ίσηυσάν
740 1873 777 1957 γ’
808 1876 844 1939 οι
871 1886 955 1940 τῶν
971 1887 1169 1942 στασιαστῶν

165 1979 270 2059 λόγοι,
293 1973 365 2043 ἀλλ’
388 1977 533 2065 ἐκύρωσε
554 1967 609 2044 καλ
628 1979 646 2045 δ
666 1980 817 2063 δῆμος
788 2005 824 2046 το
843 1989 901 2064 τῆς
923 1985 1047 2066 βουλῆς
1070 1985 1169 2067 δόγμα

164 2091 202 2168 τῆ
226 2087 378 2170 Σπορίου
402 2088 553 2170 Λαρκίου
583 2087 697 2171 γνώμη
725 2109 759 2150 τε
786 2085 841 2151 καὶ
868 2092 1072 2173 παρακλήσει
1098 2113 1169 2174 χρη-

165 2191 314 2274 σάμενος.
361 2190 415 2256 καὶ
433 2192 513 2275 μετά
532 2188 621 2257 ταῦτ’
646 2190 763 2274 ἐξῆγον
782 2194 839 2267 τάς
862 2194 1020 2278 δυνάμεις
1038 2196 1074 2261 ολ
1093 2196 1169 2260 ύπα-

163 2317 227 2362 τοι·
251 2298 610 2382 στρατοπεδευσάμενοι
635 2293 671 2362 δὲ
694 2296 795 2383 χωρὶς
813 2298 966 2383 ἀλλήλων
986 2301 1026 2366 οὐ
1046 2302 1169 2387 μακράν

123 2419 149 2458 20
163 2402 227 2468 ἀπὸ
250 2412 307 2486 τῆς
329 2407 455 2479 πόλεως
476 2401 532 2468 καὶ
555 2405 725 2487 μείναντες
747 2401 869 2490 ἡμέρας
891 2406 1030 2489 συχνάς,
1061 2405 1168 2488 ἐπειδὴ

162 2509 224 2574 ούκ
254 2508 433 2593 ἀντεξῆγον
463 2511 498 2576 ολ
524 2509 677 2594 πολέμιοι
707 2511 764 2586 τὰς
788 2511 961 2594 δυνάμεις,
989 2511 1170 2596 προνομεύ-

162 2631 278 2690 σαντες
300 2615 410 2680 αύτῶν
429 2626 485 2700 τῆς
503 2625 564 2700 γῆς
583 2617 665 2700 ὅσην
689 2615 849 2682 ἐδύναντο
867 2619 1024 2700 πλείστην
1043 2616 1169 2702 ἀπῆγον

162 2717 211 2782 ἐπ’
233 2725 326 2784 οἴκου
346 2723 406 2803 τῆν
428 2722 591 2807 στρατιάν.
629 2723 710 2787 ἀλλο
734 2720 766 2786 δ’
788 2718 841 2787 ἐπὶ
863 2731 922 2805 τῆς
944 2723 1073 2788 τούτων
1091 2723 1169 2788 ὑπα-

161 2825 250 2899 τείας
272 2827 375 2906 λόγου
399 2825 492 2902 ἀξιον
516 2822 616 2890 οὐδὲν
641 2825 798 2911 ἐπράχθη.

233 3020 296 3068 m
315 3031 369 3070 om
389 3014 411 3067 B
497 3015 551 3069 8ἀ
552 3017 654 3085 γεινΑ
741 3025 774 3072 13
793 3019 936 3076 καινδνο.
956 3017 1060 3073 Reiske
1090 3022 1094 3085 Ι
1123 3019 1167 3072 τὸν

159 3083 248 3155 πόλεμ
249 3101 321 3139 ονε.
340 3083 484 3156 Kiessling
558 3093 591 3140 14
609 3107 642 3141 κο
645 3107 690 3158 νη
709 3087 802 3141 Αν
752 3108 820 3159 κενη
808 3088 862 3141 Β
946 3095 978 3143 15
998 3107 1067 3160 στρα
1048 3097 1167 3144 αιτιοτῶν

161 3155 359 3210 Οστασιατῶν
377 3155 478 3210 Portus
498 3158 527 3210 et
547 3158 668 3229 Sylburg
722 3164 757 3214 20
776 3160 832 3214 ἀπὸ
851 3159 915 3215 add.
931 3159 953 3212 Β
973 3160 1007 3216 cf.
1023 3161 1067 3214 Fr.
1082 3159 1166 3214 Krebs

158 3226 560 3297 Praepositionsadv.1p.40
