2538 3884
170 212 236 278 378
593 213 762 266 -Θ-

169 373 215 451 ῶς
241 373 515 459 ἀναπαυσόμενοί
537 396 572 439 τε
597 371 653 440 καὶ
675 367 777 452 αὖθις
799 376 848 452 είς
869 373 963 454 τάξιν
985 377 1242 459 καταστησό-τοοο

169 503 274 566 μενοι.
323 478 396 546 ἀλλ’
429 481 470 548 ού
501 481 564 566 γὰρ
592 480 705 558 αὐτοῖς
731 478 897 565 ἐξεγένετο
924 483 1130 564 καταστῆναί
1153 504 1185 546 τε

169 583 225 652 καὶ
255 582 394 664 ἑαυτοὺς
422 585 619 670 ἀναλαβεῖν,
649 583 721 652 ἀλλ’
753 585 790 652 ἐκ
820 587 922 663 ποδὸς
949 584 1188 672 ἠκολούθησαν

170 692 283 770 αὐτοῖς
306 693 342 759 οί
360 689 513 777 πολέμιοι
535 695 744 777 πιλήσαντες,
767 693 812 770 ὡς
830 689 959 777 μάλιστ’
977 687 1022 776 ήν
1042 695 1187 760 δυνατὸν

144 801 249 876 οτούς
267 802 398 885 λόχους,
415 800 472 863 ἵνα
490 799 535 883 μή
554 805 788 884 καταραχθῶσι
806 800 889 884 πρὸς
907 800 1048 876 ἄναντες
1063 803 1187 886 χωρίον

133 909 369 991 ὁβιαζόμενοι.
414 902 469 969 καὶ
495 907 621 988 γίνεται
649 902 752 990 μέγας
778 904 870 990 ἀγὼν
898 903 953 971 ἐπί
976 907 1066 972 πολὺ
1089 905 1188 993 μέρος

171 1021 228 1096 τῆς
250 1009 389 1098 ἡμέρας,
413 1013 529 1098 νεκροί
548 1034 584 1076 τε
605 1014 763 1077 πίπτουσι
785 1009 904 1078 πολλοὶ
928 1008 985 1098 ἀφ’
1013 1009 1187 1099 ἑκατέρων.

169 1116 225 1183 καὶ
249 1117 458 1184 Οὐολοῦσκοι
485 1119 607 1201 πλήθει
630 1139 666 1182 τε
688 1115 906 1204 ὑπερέχοντες
927 1114 982 1182 καλ
1005 1119 1043 1184 τὸ
1068 1116 1104 1183 ἐκ
1127 1127 1187 1184 τοῦ

169 1226 272 1290 τόπου
291 1226 549 1309 προσειληφότες
567 1222 724 1309 ἀσφαλές,
743 1222 922 1310 οὐδετέρου
939 1224 1071 1290 τούτων
1084 1219 1187 1289 οὐδέν
1254 1227 1255 1310 λ

130 1357 156 1398 ιο
169 1329 300 1414 ἀγαθὸν
323 1328 530 1413 ἀπήλαυσαν,
552 1327 624 1394 ἀλλ’
647 1329 714 1396 ὑπὸ
736 1327 977 1416 τήςῬοιμαίυυ
994 1332 1185 1416 προθυμίας

168 1434 224 1502 καί
253 1435 372 1523 ἀρετῆς
401 1432 633 1520 ἐκβιασθέντες
660 1437 721 1501 τόν
750 1457 785 1501 τε
814 1438 921 1521 λόφον
951 1432 1103 1514 ἐξέλιπον
1131 1433 1185 1502 καλ

134 1539 223 1618 6ἐπὶ
245 1545 304 1608 τὸν
327 1542 454 1629 χάρακα
476 1542 657 1627 φεύγοντες
680 1541 715 1607 οί
734 1539 853 1609 πολλοὶ
875 1539 1102 1626 ἀπέθνησκον.
1146 1541 1184 1607 ού

169 1650 233 1736 γὰρ
256 1655 371 1714 είασαν
395 1648 516 1724 αὐτοὺς
538 1649 574 1713 οί
589 1645 744 1733 Ῥωμαίου
767 1649 953 1733 διώκοντες,
977 1645 1050 1714 ἀλλ’
1073 1647 1110 1714 ἐκ
1128 1669 1184 1713 πο-

169 1755 228 1831 όὸς
249 1755 485 1838 ἠκολούθησαν
504 1752 560 1819 καὶ
579 1755 620 1820 οὐ
638 1758 800 1842 πρότερον
820 1754 1059 1842 ἀπετράποντο,
1083 1755 1104 1840 ή
1122 1755 1181 1838 τήν

130 1885 155 1928 ιο
168 1860 382 1944 παρεμβολήν
410 1860 521 1925 αὐτῶν
550 1857 637 1926 ἑλεῖν
665 1862 748 1928 κατὰ
775 1861 902 1946 κράτος.
947 1863 1123 1946 γενόμενοι
1146 1859 1180 1926 ἀὲ

169 1963 331 2049 σωμάτων
352 1962 380 2030 τ’
404 1964 571 2051 ἐγκρατεῖς
592 1965 648 2033 καὶ
671 1968 732 2033 ὅσα
750 1966 980 2053 ἐγκατελήφθη
998 1976 1046 2055 τῶ
1064 1966 1179 2053 χιίρακι

168 2068 223 2136 καὶ
241 2071 351 2140 ἵππων
369 2070 425 2138 καὶ
443 2071 556 2138 ὅπλων
573 2071 629 2139 καὶ
645 2073 822 2159 χρημάτων
838 2076 1044 2158 παμπόλλων
1061 2074 1179 2161 κύριοι,

167 2179 229 2261 τήν
252 2173 313 2262 μέν
335 2179 439 2245 νύκτα
458 2178 588 2263 ἐκείνην
607 2180 727 2246 αὐτόθι
745 2177 1122 2266 κατεστρατοπέδευσαν,
1143 2187 1236 2264 τήιοοι

169 2280 199 2349 θ’
214 2283 352 2371 ἐπιούσῃ
366 2283 473 2374 ἡμέρᾳ
485 2287 526 2351 τά
540 2288 587 2363 είς
599 2289 795 2371 πολιορκία-ν
805 2283 973 2369 ἐπιτήδεια
982 2303 1179 2373 παρεσκευα-
1255 2309 1256 2376 γ

127 2418 155 2459 ιο
169 2388 288 2473 σμένος
315 2390 333 2456 ὁ
360 2390 485 2468 ὕπατος
514 2390 568 2457 ἐπὶ
594 2392 655 2475 τήν
679 2388 859 2457 Ἀντιατῶν
885 2393 984 2458 πόλιν
1010 2391 1053 2457 ού
1079 2394 1178 2458 πλείω
1255 2387 1256 2460 λ

134 2507 153 2570 7
169 2494 356 2583 ἀπέχουσαν
375 2499 551 2580 τριάκοντα
568 2499 713 2565 σταδίων
726 2493 786 2582 ἧγε
800 2497 862 2581 τήν
875 2498 1030 2582 δύναμιν.
1063 2499 1179 2584 ἔτυχον
1255 2519 1256 2538 ³

52 2687 54 2691 ,
169 2599 206 2667 ἀὲ
233 2609 383 2688 φυλακῆς
409 2603 505 2669 ἕνεκα
527 2614 598 2680 τοῖς
616 2600 801 2681 Ἀντιάταις
822 2606 980 2670 Αἰκανῶν
1002 2627 1093 2681 τινες
1115 2603 1179 2670 ἐπί·

167 2731 285 2793 κουροι
316 2711 477 2795 παρόντες
507 2707 562 2774 καὶ
589 2710 811 2795 φυλάττοντες
840 2710 881 2775 τά
907 2712 1012 2794 τείχη·
1050 2713 1086 2776 οἳ
1109 2713 1178 2776 τότε

168 2813 337 2890 δείσαντες
363 2815 399 2879 τὸ
418 2812 585 2900 Ῥωμαίων
612 2818 779 2901 τολμηρὸν
806 2818 957 2902 δρασμὸν
985 2814 1021 2882 ἐκ
1043 2824 1102 2900 τῆς
1124 2819 1177 2882 πό-

240 2976 254 3023 1
275 2966 361 3032 αύθις
378 2970 427 3023 καὶ
446 2969 468 3025 Ο
488 2972 537 3025 καί
555 2969 642 3035 αὖθις
658 2971 788 3027 Hortlein
806 2972 924 3027 Hermes
942 2972 968 3026 X
986 2979 1038 3027 419
1114 2981 1129 3028 2
1151 2991 1176 3026 τε

167 3041 232 3096 add.
253 3042 274 3096 B
343 3045 359 3094 ὅ
378 3046 579 3112 καταραχθῶσι
598 3046 642 3098 Ba
660 3042 964 3117 <κατα><ρρ>αχθῶσι
982 3043 1029 3098 Bb
1101 3050 1117 3098 9
1136 3045 1177 3099 ού-

167 3111 313 3186 δετέρφΑ
338 3117 342 3183 Ι
367 3113 483 3175 οόθενὸς
500 3114 654 3183 ἀγαθοῦθ
737 3121 770 3169 10
789 3113 1000 3187 ἀπ<ή>λαυοαν
1019 3116 1065 3169 Bb
1147 3121 1175 3168 13

168 3186 278 3258 είαοαν]
304 3185 421 3240 ἀνίεσαν
443 3185 514 3240 Smit
534 3183 599 3240 Obs.
618 3203 646 3254 p.
661 3191 695 3240 42
787 3191 820 3241 15
845 3187 938 3240 αὐτῶν
957 3201 1011 3240 om.
1031 3187 1057 3238 A
1147 3191 1175 3238 16

167 3256 301 3328 σωμάτων
321 3251 463 3326 ἐγκρατεῖς
479 3254 505 3309 Α
528 3251 671 3326 ἐγκρατεῖς
688 3256 737 3311 καὶ
757 3272 810 3311 om.
830 3255 853 3309 B
884 3260 888 3327 Ι
919 3251 1118 3325 ἐγκατελήφθη
1136 3255 1176 3308 Ba

167 3322 419 3398 ἐγκατελείφθηΒ
493 3333 525 3381 17
548 3329 658 3381 πολλῶν
675 3327 701 3381 A
773 3332 807 3382 19
830 3326 1120 3398 παρασκευασάμενος
1135 3326 1176 3382 Ba

167 3405 201 3518 μζθ
224 3396 373 3519 πρὶριόντες]
398 3396 528 3468 τυχόντες
549 3396 601 3452 ΑΟ
709 3405 744 3454 24
767 3399 951 3470 ἀποδρασμὸν
974 3415 997 3454 ο.
1018 3398 1177 3455 dubitanter

193 3483 247 3519 1ess
290 3485 310 3535 g
