2538 3884
492 216 658 268 -ο-
1014 215 1193 312 εον,

70 379 187 462 χρόνον
217 379 306 462 ἔφθη
333 379 371 442 τὸ
396 375 433 442 έν
456 373 611 463 Κρεμέρα
633 377 799 463 φρούριον
822 371 994 462 ἐξαιρεθὲν
1016 377 1082 442 ὑπὸ

69 493 130 547 τῶν
151 487 332 568 πολεμίων,
355 480 412 548 καὶ
430 485 467 548 τὸ
488 485 626 567 Φαβίων
644 481 741 566 γένος
758 483 846 548 ἅπαν
865 482 1083 567 ἀπολόμενον.

70 585 138 673 περὶ
167 585 206 653 δὲ
233 598 293 673 τῆς
319 589 547 674 κατασχούσης
570 592 647 665 τοὺς
669 589 795 673 ἀνδρας
817 597 991 674 συμφορᾶς
1014 591 1082 654 διτ-
1202 569 1212 589 ’

70 697 119 769 τὸς
139 693 277 780 φέρεται
300 699 410 779 λόγος,
434 695 453 761 ὁ
476 691 538 779 μὲν
561 690 661 778 ἧττον
681 696 837 778 πιθανός,
860 691 936 760 όδδ
954 699 1082 779 μᾶλλον

71 809 120 883 τῆς
141 800 303 885 ἀληθείας
326 800 519 885 ἁπτόμενος.
556 803 653 884 θήσω
672 797 704 866 δ’
725 800 846 878 αὐτοὺς
864 798 1082 888 ἀμφοτέρους,
1109 828 1123 870 ο

72 905 109 981 ὡς
129 906 332 994 παρέλαβον.

128 1011 271 1078 XVIIII.
304 1011 400 1091 Τινὲς
421 1009 483 1098 μὲν
510 1008 572 1080 οὖν
595 1031 710 1098 φασιν,
733 1013 784 1078 ότι
807 1014 930 1090 θυσίας
953 1012 1083 1080 έπιστά-

72 1132 122 1201 σης
142 1122 304 1205 πατρίου,
327 1120 370 1203 ἣν
393 1120 462 1184 ἔδει
484 1122 522 1185 τὸ
547 1122 686 1203 Φαβίων
709 1117 891 1184 έπιτελέσαι
913 1117 1027 1204 γένος,
1049 1120 1085 1185 οί

72 1221 123 1306 μὲν
149 1226 274 1312 άνδρες
302 1223 446 1308 ἐξῆλθον
474 1225 609 1307 ὀλίγους
637 1223 841 1310 ἐπαγόμενον
860 1225 1003 1302 πελάτας
1030 1223 1083 1291 έπλ

72 1331 104 1394 τά
130 1331 220 1417 ίερά,
247 1329 304 1396 καί
328 1327 498 1417 προῄεσαν
522 1330 598 1395 οὔτε
623 1331 878 1416 διερευνώμενοι
901 1330 959 1408 τὰς
981 1331 1083 1409 ὁδοὺς
1097 1359 1122 1398 ιο

72 1434 139 1500 οὔθ’
165 1438 235 1503 ὑπὸ
260 1441 416 1520 σημαίαις
437 1434 632 1520 τεταγμένοι
654 1437 735 1502 κατδ
760 1439 893 1522 λόγους,
922 1438 1082 1524 ῥᾳθύμως

73 1537 103 1606 δὲ
123 1541 176 1609 καλ
200 1543 401 1628 ἀφυλάκτως
423 1543 467 1618 ὡς
491 1542 529 1607 έν
553 1545 667 1628 είρηνη
688 1564 723 1606 τε
741 1540 797 1608 καί
817 1543 873 1608 διδ
891 1546 1004 1627 φιλίας
1021 1553 1083 1628 γῆς

25 1653 293 1734 ιιιιπορευόμενοι.
331 1649 366 1714 οί
382 1645 420 1714 δέ
443 1646 609 1735 Ῥυρρηνοὶ
627 1650 873 1734 προεγνωκότες
891 1648 1002 1714 αὐτῶν
1020 1650 1117 1732 την2

74 1752 179 1830 ἔξοδον
204 1754 370 1840 ἐλόχησαν
392 1762 451 1838 της
474 1753 557 1820 όδοῦ
580 1757 704 1840 χωρίον
727 1752 820 1841 μέρει
843 1764 900 1839 της
917 1763 1083 1841 στρατιᾶς,
1142 1777 1145 1782 ·

74 1861 123 1942 τὴν
141 1857 178 1926 δὲ
199 1862 324 1944 λοιπὴν
343 1862 488 1944 δύναμιν
507 1859 772 1945 συντεταγμένην
792 1862 921 1945 ἔχοντες
943 1861 985 1927 ού
1002 1867 1083 1927 πολ-
1098 1885 1123 1928 ιι

74 1970 112 2052 λβ
133 1967 279 2054 ὕστερον
301 1966 524 2050 ἠκολούθουν.
566 1966 611 2041 ὡς
634 1963 664 2029 δ’
682 1964 888 2049 ἐπλησίασαν
906 1968 942 2032 οί
959 1968 1083 2051 Φάβιοι

74 2085 133 2149 ταῖς
161 2071 332 2158 ἐνέδραις,
363 2071 597 2150 ἐξαναστάντες
628 2082 688 2138 τοῦ
720 2076 822 2159 λόγου
849 2074 885 2137 οί
915 2071 1083 2157 Ῥυρρηνολ

74 2182 330 2263 προσπίπτουσιν
362 2177 489 2261 αὐτοῖς,
521 2177 557 2241 οί
585 2174 647 2261 μέν
679 2179 761 2242 κατά
788 2177 955 2262 μέτωπον,
987 2179 1024 2243 οί
1048 2175 1079 2243 δ’

75 2281 104 2346 ἐκ
134 2295 202 2350 τῶν
241 2287 408 2367 πλαγίων,
441 2281 497 2347 καὶ
527 2279 597 2366 μετ’
628 2283 669 2349 ού
700 2286 786 2348 πολὺ
819 2283 840 2366 ἡ
872 2293 939 2347 τῶν
970 2284 1082 2349 ἀλλων

78 2392 254 2476 Τυρρηνῶν
282 2391 424 2472 δύναμις
450 2387 654 2474 προσέβαλεν
682 2387 717 2452 ἐκ
744 2399 811 2454 τῶν
839 2391 992 2455 κατόπιν·
1026 2387 1081 2454 καὶ
1096 2414 1123 2454 ιο

75 2497 278 2580 περιστάντες
308 2495 421 2570 αὐτοῖς
451 2497 679 2579 πανταχόθεν,
710 2494 746 2558 οί
774 2490 836 2578 μὲν
869 2496 1083 2578 σφενδόναις,

77 2601 105 2662 οί
126 2599 161 2666 δὲ
183 2599 311 2684 τόξοις,
339 2601 375 2665 ολ
400 2595 437 2664 δὲ
465 2603 615 2676 σαυνίοις
638 2622 672 2663 τε
695 2597 751 2664 καὶ
774 2603 909 2685 λόγχαις
931 2605 1083 2686 στογηαζόα

77 2728 174 2793 μενοι,
202 2715 250 2794 τῷ
278 2709 401 2790 πλήθει
423 2717 491 2770 τῶν
513 2708 621 2789 βελῶν
644 2706 791 2782 ἅπαντας
815 2707 1081 2793 κατειργάσαντο.

77 2805 162 2890 οὗτος
192 2809 255 2898 μὲν
287 2806 350 2877 οὖν
377 2806 476 2895 ἦττον
504 2813 615 2895 ἔμοιγε
642 2814 787 2888 πιθανὸς
814 2816 968 2897 φαίνεται
997 2810 1118 2886 είναι3

77 2919 172 3000 λόγος.
210 2919 288 2983 οὔτε
310 2918 375 3003 γὰρ
398 2917 486 2992 είκὸς
507 2915 572 2981 ἀπὸ
595 2914 820 3001 στρατοπέδου
842 2924 966 2998 θυσίας
988 2921 1085 2987 ἕνεκα
1098 2941 1125 2982 τε

139 3187 154 3235 λ
174 3176 226 3235 οὖν
245 3179 311 3234 add.
330 3177 354 3230 B
410 3183 441 3232 11
462 3178 589 3247 σημείαις
606 3176 632 3229 Α
650 3183 751 3246 σημεῖα
770 3179 793 3232 Β
809 3181 813 3248 Ι
830 3177 966 3254 ῥᾳθύμως
983 3200 1012 3235 τε
1031 3181 1083 3234 ΑΟ

79 3243 97 3316 ρ’.
114 3249 143 3304 δὲ
161 3250 185 3303 Β
273 3253 309 3303 14
327 3243 456 3318 έλόχισαυ
476 3246 499 3299 Β
582 3253 614 3301 17
635 3245 664 3302 οί
683 3250 824 3319 Τυρρηνοὶ
842 3248 1032 3321 προσέβαλλον
1052 3245 1083 3304 έκ

78 3327 124 3372 τῶν
141 3320 262 3375 κατόπιν
280 3319 307 3372 A
379 3325 414 3373 20
431 3315 617 3389 προσέβαλεν]
637 3317 825 3393 προσέβαλλεν
843 3319 891 3373 Ba
908 3317 1084 3389 προσέπεσον

79 3387 96 3440 C
111 3390 298 3464 προσέβαλλον
318 3389 401 3458 Omg,
419 3391 504 3478 temp.
520 3403 610 3457 praes.
629 3392 852 3460 προσπίπτουσιν
867 3391 1029 3458 suspectum
1042 3392 1084 3446 vi-

80 3457 152 3514 detur
170 3479 230 3517 εεεε
305 3467 339 3516 23
359 3476 573 3546 κατηργασριντο
591 3459 638 3513 Βο

870 3548 922 3602 2οί
