2508 3882
481 218 649 268 -Η-
1010 217 1072 280 19”ί

67 376 182 457 λόγων,
210 374 271 452 οὑς
297 375 392 460 ὑμεῖς
420 377 456 443 οί
479 378 519 442 ιδ
542 378 694 443 πολιτικά
716 377 915 463 πράττοντες
941 375 1069 463 μάλιστ’

68 479 299 566 <ἐτίστασθε>,
328 487 397 548 ίστε
420 483 471 549 ότι
493 492 555 551 τοῦ
577 506 612 549 τε
636 483 838 569 αὐχήματος,
866 480 918 568 ἐφ’
946 479 988 550 οὑ
1010 493 1075 550 νῦν

68 587 158 669 είσιν,
190 583 321 666 ἑκόντες
347 589 575 675 ὑποβήσονται
601 587 658 656 καὶ
688 594 888 675 ποιήσουσιν
921 589 1075 669 ἐξουσίαν

68 709 112 758 σοι
138 703 199 759 τοῦ
225 695 398 779 πράττειν,
426 695 444 762 ὑ
472 720 503 763 τι
526 696 569 762 δν
598 697 710 775 αὑτοῖς
737 696 974 785 ὑπολαμβάνῃς
995 713 1075 762 συν-

69 801 175 864 οίσειν.
221 797 280 864 ἐάν
304 796 335 864 δ’
362 799 608 888 ἀντιπράττωσί
628 819 682 869 σοι
709 801 765 869 καὶ
788 806 865 879 τοὺς
887 805 1007 886 λόγους
1029 769 1114 888 μὴὸ,

68 903 307 990 προσδέχωνται
335 917 407 985 ταῖς
429 908 485 974 διὰ
509 905 547 974 σδ
569 905 624 974 καὶ
648 909 704 974 διδ
726 911 788 994 τὴν
810 909 991 993 ἡγεμονίαν
1013 910 1075 991 την

69 1012 122 1094 την
149 1008 346 1096 γενομέναις
373 1011 449 1100 περὶ
477 1014 599 1092 αὐτοὺς
620 1015 735 1101 τύχαις
757 1015 802 1092 ὡς
824 1011 876 1080 ἀεὶ
899 1015 1075 1098 διαμενού-

69 1135 133 1196 σαις
155 1117 380 1204 ἐπαιρόμενοι,
402 1127 459 1205 τῆς
482 1124 679 1208 στρατηγίας
697 1121 811 1199 αὑτοῖς
830 1119 993 1206 ἀφίστασο
1011 1143 1075 1204 φα-

24 1235 180 1310 κιονερῶς,
206 1223 262 1290 καὶ
290 1227 370 1310 μήτε
396 1228 562 1312 προδότης
591 1231 689 1310 γίνου
715 1238 782 1294 τῶν
809 1228 1076 1293 πεπιστευκότων
1132 1240 1136 1248 ’

69 1332 139 1414 μήτε
170 1329 328 1417 πολέμιος
354 1343 421 1398 τῶν
453 1331 736 1417 ἀναγκαιοτάτων·
768 1329 884 1418 ἀσεβές
910 1333 973 1418 γάρ
1001 1329 1074 1398 ἐκά-
1090 1354 1115 1393 ω

69 1460 165 1522 τερον.
197 1447 300 1504 ταῦτα
317 1439 387 1522 ἥκω
407 1437 548 1524 δεομένη
563 1455 625 1505 σου
644 1435 802 1523 γενέσθαι
820 1463 877 1524 μοι
895 1439 983 1525 παρδ
1002 1447 1075 1513 σοῦ,

69 1544 192 1629 Μάρκιε
220 1541 354 1629 τέκνον,
378 1542 453 1611 ὀὔτ’
479 1543 639 1630 ἀδύναθ’,
662 1546 707 1623 ὑς
734 1548 776 1612 σὺ
804 1541 885 1632 φῄς,
911 1544 1018 1629 πάσης
1044 1539 1072 1608 τ’

72 1647 181 1716 ἀδίκου
204 1650 261 1714 καί
283 1648 423 1716 ἀνοσίου
447 1653 669 1734 συνειδήσεως
689 1651 831 1738 καθαρά.

126 1753 359 1820 XXXXVIIII.
402 1755 501 1842 Φέρε,
523 1756 607 1823 ἀλλά
631 1757 734 1836 δόξαν
756 1757 897 1844 ιιίσχρδν
920 1761 1074 1824 οίσεσθαι

32 1865 36 1873 “
72 1858 229 1945 δέδοικας,
258 1860 317 1927 έδιν
340 1860 361 1926 δ
388 1867 566 1948 παρακαλῶ
590 1880 626 1929 σε
650 1863 807 1950 πράττῃς,
834 1862 878 1939 ὑς
901 1860 1076 1949 ἀχάριστος
1090 1883 1115 1924 ιε

71 1970 109 2046 είς
133 1971 214 2046 τοὺς
239 1965 414 2054 εὐεργέτας
436 1967 770 2056 ἐξελεγχθησόμενος,
800 1969 836 2035 οἵ
857 1986 893 2035 σε
916 1967 1077 2053 πολέμιον

73 2075 140 2138 όντοι
167 2073 410 2160 ὑποδεξάμενοι
436 2073 572 2141 πάντων
599 2074 788 2160 μετέδωκαν
811 2068 858 2140 ὧν
880 2084 950 2150 τοῖς
976 2075 1076 2158 φύσει

73 2184 211 2259 πολίταις
232 2179 384 2266 μέτεστιν
407 2181 559 2265 ἀγαθῶν
581 2192 684 2249 ταῦτα
705 2182 768 2269 γάρ
787 2180 888 2264 ἐστιν,
911 2179 931 2244 ὑ
950 2178 1076 2263 μεγάλα

73 2299 165 2365 ποιεῖς
191 2298 263 2366 τοῖς
289 2291 403 2372 λόγοις
428 2286 489 2354 ἀεί.
540 2288 601 2355 ούκ
633 2288 848 2364 ἀποδέδωκας
874 2281 936 2352 οὑν
963 2284 1110 2362 αὑτοῑς2

73 2395 184 2472 τολλάς
211 2391 267 2460 καὶ
294 2395 397 2472 καλδς
423 2393 563 2480 ἀμοιβὰς
588 2393 644 2460 καί
671 2398 846 2480 νενίκηκας
876 2392 1000 2480 ἀπείρῳ
1032 2392 1074 2476 δή
1089 2413 1116 2452 ιο

74 2523 128 2564 τινι
150 2498 287 2586 μεγέθει
314 2498 370 2566 καὶ
398 2501 520 2584 πλήθει
550 2504 694 2587 χαρίτων
721 2502 778 2579 τὰς
805 2499 839 2579 ἐξ
862 2497 998 2564 ἐκείνων
1022 2495 1076 2562 εὑ-

75 2609 226 2690 εργεσίας;
251 2606 310 2683 οὑς
333 2604 503 2691 ἀγαπητὸν
524 2603 731 2691 ἡγουμένους
753 2602 807 2672 καὶ
830 2604 965 2670 πάντων
985 2600 1076 2689 μέγι-

77 2725 143 2778 στον
165 2712 319 2796 ἀγαθῶν,
341 2710 400 2778 ἐὰν
423 2709 603 2796 ἐλευθέρας
625 2713 741 2778 οίκῶσι
764 2712 821 2789 τδις
841 2712 1012 2797 πατρίδας,
1035 2711 1077 2777 οὐ

77 2819 168 2898 μόνον
201 2816 330 2884 ἑαυτῶν
362 2822 500 2905 κυρίους
531 2814 618 2884 είναι
647 2821 789 2902 βεβαίως
819 2819 1076 2904 παρεσκεύακας,

1129 1634 1135 1676 ί

137 3051 150 3098 1
164 3044 309 3115 *μάλιστα
324 3045 381 3099 ἴστε
396 3044 438 3099 ότι
452 3053 502 3100 τοῦ
515 3064 544 3100 τε
557 3043 717 3116 αὐχήματος
731 3045 753 3099 0
769 3065 795 3115 μ.
810 3047 976 3116 προχείρους
990 3043 1075 3115 ἔχετε,

78 3109 102 3166 εὑ
126 3116 183 3170 ίοθι
212 3113 254 3170 ὅτι
278 3111 355 3170 τοῦτ’
386 3114 546 3185 αὐχήματος
575 3133 598 3172 c.
627 3115 729 3171 Reiske
762 3137 789 3186 μ.
823 3115 991 3182 σπουδάζετε
1020 3115 1076 3184 (vel

78 3183 191 3257 ἀσκεῖτε),
212 3188 282 3255 ίσθι,
302 3186 345 3242 ότι
363 3195 413 3240 τοῦ
431 3185 457 3240 τ’
474 3187 634 3258 αὐχήματος
652 3205 674 3242 ο.
691 3186 815 3242 Sintenis
833 3187 893 3241 Em.
912 3186 994 3241 Dion.
1012 3185 1026 3238 Ι
1041 3192 1080 3239 22·

78 3252 170 3320 μάλιστ’
191 3253 360 3326 ἐπίστασθε,
384 3259 441 3312 ίστε
464 3274 517 3328 ego
607 3266 623 3312 3
642 3257 861 3381 ὑποβήσονταιχς
869 3255 1076 3322 ἀποστήσονται

78 3339 96 3378 ι.
111 3325 234 3383 Hertlein
253 3328 371 3383 Hermes
389 3327 481 3384 X41‘l
554 3333 588 3382 14
607 3330 780 3385 ἀποίσεσθαι
798 3346 821 3384 ο.
862 3326 980 3396 iessling
1042 3331 1076 3380 15
1243 3321 1248 3410 Ι

78 3393 252 3524 δειηχτκὲὶω.
274 3402 318 3454 Ba
417 3405 450 3454 21
470 3400 518 3454 καλ
536 3400 641 3468 πλήθει
660 3401 725 3456 add.
743 3401 767 3454 B
866 3403 900 3454 23
918 3398 1032 3467 ἀγαθὸν
1053 3397 1081 3453 0

76 3483 131 3534 prae
159 3488 173 3524 r
