2484 3876
169 212 211 275 96
593 213 755 264 -Ζ--

168 376 301 437 πολλῶν
323 369 379 437 καί
402 372 540 455 ἀγαθῶν
563 372 698 458 ἀνδρῶν
721 375 829 459 χάριτι
853 375 951 458 δίκην
969 373 1094 459 ἀνδρὸς
1113 373 1193 453 ἑνὸς

134 479 348 559 ῦὺπεριδεῖν.
398 482 507 545 Ταῦτα
534 477 590 544 καὶ
615 483 827 566 παραπλήσια
855 483 985 558 τούτοις
1009 483 1115 547 είπὼν
1139 501 1239 548 τε-1ω

169 589 322 649 λευταῖον
351 583 479 650 ἐκεῖνον
507 583 647 670 ἐπέθηκε
675 588 734 651 τὸν
762 591 881 670 λόγον,
909 587 960 652 ὅτι
985 591 1101 673 φήφου
1126 586 1193 672 μέν

170 691 384 776 ἐπαχθείσης,
412 690 471 757 ἐὰν
494 690 684 758 ἀπολύσωσι
706 695 765 758 τὸν
788 694 912 778 ἄνδρα,
940 695 1057 760 διὰτὸ
1081 691 1193 779 μηδὲν

143 796 360 866 εάδικεῖσθαι
386 801 445 865 τὸν
474 801 581 884 δῆμον
608 794 664 864 ὑπ’
691 799 795 864 αὐτοῦ
818 797 977 877 δόξουσιν
1000 799 1192 885 ἀφεικέναι·

170 906 228 971 ἐὰν
256 902 294 971 δέ
321 907 516 972 κωλύσωσιν
542 905 792 989 ἐπιτελεσθῆναι
815 906 877 989 τήν
899 907 999 990 δίκην
1020 917 1090 984 τοῖς
1113 908 1193 972 δεο-

169 1013 282 1096 μένοις
303 1008 386 1095 ύπὲρ
411 1013 515 1078 αὐτοῦ
537 1014 743 1096 φανήσονται
766 1011 1006 1098 κεχαρισμένοι.

235 1118 320 1183 LXI.
352 1115 575 1202 Παυσαμένου
604 1113 641 1183 δὲ
668 1127 728 1183 τοῦ
751 1120 932 1203 Μηνυκίου
959 1119 1141 1204 παρελθὼν
1171 1119 1192 1185 ὁ

170 1226 337 1310 δήμαρχος
368 1227 540 1300 Σικίννιος
571 1219 643 1290 οὔτ’
676 1223 776 1300 αὐτὸς
808 1227 872 1309 ἔφη
905 1226 1092 1310 προδώσειν
1124 1227 1193 1309 τήν

131 1353 157 1394 ιο
171 1328 365 1415 ἐλευθερίαν
396 1341 463 1396 τῶν
490 1332 643 1414 δημοτῶν
670 1331 745 1395 οὔτε
774 1341 843 1408 τοῖς
869 1333 1089 1417 προδιδοῦσιν
1118 1329 1194 1396 ἐπι-

169 1434 304 1522 τρέψειν
327 1434 424 1519 ἑκών,
447 1434 520 1501 ἀλλ’
537 1438 569 1502 εί
590 1445 634 1524 τῷ
654 1437 727 1502 ὄντι
744 1435 948 1522 παρέχουσιν
968 1438 1004 1502 οί
1018 1441 1194 1522 πατρίκιοι

170 1545 229 1609 τὸν
252 1545 359 1629 ἀνδρα
383 1541 437 1608 ἐπὶ
460 1545 556 1626 δίκην
579 1553 648 1619 τοῖς
671 1545 876 1627 δημοτικοῖς,
902 1542 1088 1609 ἀναδώσειν
1111 1543 1195 1628 περὶ

171 1651 274 1716 αὐτοῦ
305 1659 436 1735 ψήφου,
468 1651 549 1716 ἄλλο
582 1645 619 1714 δέ
650 1652 801 1734 ποιήσειν
834 1650 922 1736 παρὰ
953 1646 1044 1715 ταῦτ’
1075 1649 1193 1715 οὐδέν.

135 1757 250 1839 2μετά
273 1766 374 1822 ταῦτα
396 1756 576 1841 παρελθὼν
598 1756 616 1821 ὁ
634 1757 811 1840 Μηνύκιος
828 1751 934 1821 είπεν·
954 1754 1086 1840 Ἐπειδή
1104 1756 1193 1821 πάν-

132 1884 157 1925 ιε
171 1885 245 1945 τως,
268 1856 293 1926 ὦ
317 1862 490 1948 δήμαρχοι,
512 1870 627 1946 ψῆφον
651 1861 869 1947 ἐπενεχθῆναι
891 1860 1045 1948 περὶτοῦ
1064 1861 1195 1949 ἀνδρὸς

170 1973 418 2053 προθυμεῖσθε,
440 1965 550 2054 μηθὲν
573 1968 633 2046 ἐξω
656 1977 716 2034 τοῦ
739 1967 941 2052 ἐγκλήματος
962 1981 1192 2055 κατηγορεῖτε·

171 2071 242 2139 ἀλλ’
275 2073 388 2159 ἐπειδή
415 2076 590 2160 τυραννίδι
617 2074 719 2140 αὐτὸν
746 2074 924 2161 ἐπιχειρεῖν
950 2078 1193 2160 εἰσηγγείλατε,

171 2190 268 2247 τοῦτο
297 2182 467 2248 διδάσκετε
495 2180 550 2248 καί
576 2179 651 2264 περὶ
678 2183 798 2247 τούτου
825 2183 884 2258 τάς
909 2185 1035 2258 πίστεις
1060 2179 1237 2267 φέρετε.14ῖ

171 2291 280 2373 λόγων
308 2285 361 2372 δ’,
388 2282 436 2354 ὧν
464 2287 566 2354 αὐτὸν
593 2289 744 2353 αίτιᾶσθε
771 2289 853 2352 κατὰ
880 2296 940 2353 τοῦ
968 2289 1076 2372 δήμου
1104 2290 1193 2373 πρὸς

131 2421 158 2461 νο
171 2396 232 2479 τήν
259 2397 387 2481 βουλήν
404 2397 535 2478 ἐίπεῖν,
561 2396 641 2478 μήτε
669 2393 840 2478 μέμνησθε
863 2396 943 2478 μήτε
965 2405 1191 2478 κατηγορεῖτε.

171 2500 331 2585 ἀφεῖσθαι
358 2502 422 2588 γδρ
451 2500 553 2566 αὐτὸν
582 2499 767 2584 ἐψηφίσατο
795 2500 915 2584 ταύτης
941 2508 999 2582 τῆς
1020 2501 1126 2576 αίτίας
1149 2503 1191 2565 τὸ

172 2608 362 2691 συνέδριον,
380 2604 435 2672 καί
449 2605 502 2672 ἐπὶ
516 2607 627 2692 ῥητοῖς
639 2607 733 2690 ήκειν
747 2608 794 2682 είς
807 2607 866 2672 τὸν
881 2607 988 2690 δῆμον
1003 2603 1191 2671 ἐδικαίωσε.

136 2710 226 2786 3καὶ
258 2713 338 2796 μετὰ
370 2709 459 2777 τοῦτ’
490 2711 618 2795 ἀνέγνω
651 2715 689 2778 τὸ
717 2712 961 2798 προβούλευμα.
1008 2710 1026 2776 ὁ
1053 2707 1115 2795 μὲν
1144 2713 1190 2796 δή

170 2814 261 2883 ταῦτ’
290 2819 392 2882 είπών
419 2841 453 2882 τε
482 2816 536 2883 καὶ
560 2817 862 2902 ἐπιμαρτυράμενος
883 2815 1013 2902 κατέβη.
1058 2815 1192 2884 τῶνδὲ

131 2949 157 2990 ει
172 2923 349 3008 δημάρχων
374 2933 501 3008 πρῶτος
522 2919 584 3008 μὲν
608 2920 739 2986 διέθετο
761 2923 823 3005 τήν
846 2927 1046 3009 κατηγορίαν
1070 2926 1190 2989 Σικίν-

244 3121 258 3168 1
285 3116 368 3182 δίκην
392 3114 415 3169 0
440 3113 557 3184 ἀδίκημ’
582 3131 605 3170 ο.
629 3110 773 3184 Kiessling
850 3120 866 3168 2
892 3113 927 3168 τὰ
952 3115 1136 3186 παραπλήσια
1163 3133 1188 3171 c.

171 3186 314 3258 Kiessling
386 3192 403 3240 4
422 3180 594 3257 ἐπαχθείσης
613 3186 634 3241 Ο
655 3180 854 3255 ἐπενεχθείσης
872 3171 1025 3257 ffiessling,
1045 3187 1095 3240 sed
1112 3185 1189 3239 nihil

171 3259 321 3314 adnotavit
393 3264 425 3311 11
451 3256 622 3328 παρέχουσιν
645 3257 692 3310 Bb
715 3272 801 3325 supra
822 3255 872 3309 lin.
892 3255 988 3327 script.
1064 3263 1095 3312 16
1121 3261 1189 3326 post

171 3336 349 3452 κρτηγορεῖρε
357 3331 523 3451 ἒεοφαρρῖρτ
534 3328 627 3451 ἔρεθε
645 3326 887 3451 ἀφεῖρΙθΙαιΙ-ωτὲν
906 3329 1006 3452 δήροχ,
1021 3327 1188 3453 φαορηοοιήί
1230 3381 1231 3429 ρ

172 3415 325 3522 ἀδάῐδῧύωδι
375 3414 415 3520 220
428 3414 832 3523 ἐδιάαείάιοεἯῃέτάίδιίκάιτοσαι
850 3469 875 3518 A
930 3475 963 3522 ⁵25
983 3417 1110 3530 ἓάιίίάιος
1128 3419 1189 3522 gv-
