2508 3882
149 206 217 271 230
332 211 336 224 '
571 210 737 259 -H-
1241 226 1242 306 η

149 366 191 432 άν
214 363 304 433 ταῦτ’
327 367 547 454 εὐπορήσωσι,
570 367 667 446 τάξας
688 369 763 434 τινὰ
786 347 908 454 χρόνον
929 367 1060 454 ἡμερῶν
1084 367 1242 432 &wo-1573¹

148 474 208 560 ηὐς
237 473 350 552 αὐτοῖς
379 474 494 542 ἐδίδου
524 484 584 542 τοῦ
613 473 769 560 πολέμου.
798 461 1096 560 ’ὑπηρετησάντων
1133 471 1190 540 δ’.

150 579 263 657 αὐτοῖς
285 580 412 646 ἅπαντα
434 591 502 647 τῶν
519 578 680 666 Ἑρνίκων
699 582 755 647 διά
773 581 892 667 τάχους
908 579 964 646 καὶ
983 582 1065 665 μετὰ
1083 602 1172 666 προ-

148 689 290 771 θυμίας,
317 684 371 752 καὶ
394 689 472 763 τούς
494 685 569 773 περὶ
591 697 649 772 τῆς
671 691 784 772 φιλίας
807 684 1061 772 διαλεξομένους
1083 687 1173 754 άπο-
1242 659 1243 740 ὑ

121 793 351 859 ιστειλάυτων
380 788 499 878 αὐθις,
529 792 702 873 ἐπαινέσας
730 795 853 872 αὐτοὺς
881 795 900 862 ὁ
928 794 1076 871 Κάσσιος
1104 793 1173 860 άν-

150 898 296 986 ἐπεμψεν
323 897 377 966 ἐπὶ
404 901 465 984 τήν
494 902 631 984 βουλήν.
675 913 745 979 τοῖς
772 898 803 966 δ’
830 900 866 966 ἐκ
893 910 953 967 τοῦ
981 902 1178 987 συνεδρίου.

148 996 255 1074 πὸλλδ
281 1003 562 1092 βουλευσαμένοις
591 1007 683 1086 ἐδοξε
713 1005 870 1094 δέχεσθαι
900 1005 962 1092 μὲν
994 1011 1073 1084 τούς
1105 1009 1170 1074 άν-

143 1113 231 1205 Ιδρας
262 1115 309 1190 είς
339 1118 468 1198 φιλίαν,
500 1111 551 1199 ἐφ’
583 1105 634 1192 οἷς
666 1111 703 1180 δέ
736 1115 934 1199 γενήσονται
960 1116 1102 1192 δικαίοις
1130 1115 1172 1180 αἱ

148 1221 230 1302 πρδς
257 1217 379 1297 αὐτοὺς
407 1227 590 1306 συνθήκαι,
617 1221 768 1288 Κάσσιον
794 1223 853 1287 τὸν
879 1221 1009 1287 ὑπατον
1037 1225 1170 1304 γνῶναί

109 1347 182 1391 ιοτε
210 1324 265 1392 καὶ
292 1336 421 1410 στῆσαι,
448 1326 466 1393 ὅ
490 1351 523 1394 τι
545 1325 576 1393 δ’
608 1327 651 1394 άν
678 1327 794 1418 ἐκείνῳ
826 1327 923 1414 δόξη,
954 1324 1043 1394 τοῦτ’
1071 1321 1159 1392 εἶναι

149 1436 244 1517 σφίσι
266 1435 392 1519 κύριον.
657 1475 662 1484 ·

139 1549 143 1556 '
214 1538 407 1606 LXVIIII.v
436 1545 557 1608 Ταῦτα.
576 1551 634 1626 τής
665 1546 789 1627 βουλής
820 1539 1052 1626 ψηφισαμένης
1084 1539 1164 1606 άνα-
1244 1520 1245 1586 ὐ

149 1644 291 1731 στρέψας
316 1649 364 1724 είς
390 1649 452 1732 τήν
478 1651 578 1714 πόλιν
606 1649 624 1715 ὁ
648 1642 794 1725 Κάσσιος
815 1652 984 1735 θρίαμβον
1006 1647 1160 1731 κατάγειν

147 1749 242 1833 ήξίου
273 1753 431 1839 δεύτερον
463 1754 508 1830 ὡς
538 1756 577 1820 τδ
607 1753 742 1840 μέγιστα
771 1765 838 1820 τῶν
868 1753 979 1820 ἐθνῶν
1007 1777 1158 1840 κεχειρω-

109 1879 135 1922 16
148 1854 258 1941 μένος,
280 1858 389 1944 χάριτι
411 1864 539 1943 μᾶλλον
563 1859 715 1947 ἁρπάζων
733 1862 770 1927 τὸ
794 1865 905 1945 τίμιον
927 1859 948 1944 ή
970 1868 1015 1949 τῷ
1041 1862 1229 1949 δικαίριιοιι

103 2003 106 2010 .
148 1963 343 2050 λαμβάνων,
372 1964 408 2043 ὃς
435 1966 511 2032 οὐτε
539 1970 651 2044 πόλεις
677 1966 758 2032 κατδ
788 1963 907 2053 κράτος
929 1965 1013 2033 ἑλὼν
1038 1966 1075 2032 ἐκ
1099 1989 1165 2032 τει-
1245 2025 1246 2058 η

147 2075 321 2158 χομαχίας,
348 2069 419 2138 οὐτ’
446 2072 483 2138 ἐν
511 2073 666 2162 ὑπαίθρῳ
695 2073 781 2159 μάχη
809 2074 966 2159 στρατιὰν
992 2068 1166 2157 πολεμίων

146 2178 352 2265 τρεψάμενος
378 2179 568 2267 αἰχμάλωτα
594 2178 649 2246 καὶ
672 2185 794 2264 σκῦλα,
822 2171 872 2256 οἷς
893 2191 1062 2264 κοσμεῖται
1085 2184 1166 2266 θρί-

148 2290 266 2371 αμβος,
295 2289 408 2373 ἔμελλε
435 2287 600 2372 κατάγειν.
649 2286 818 2372 τοιγάρτοι
848 2286 949 2366 δόξαν
978 2286 1166 2364 αὐθαδείας

109 2414 136 2456 ιο
149 2391 204 2458 καλ
235 2403 296 2461 τοῦ
327 2390 432 2478 μηδὲν
460 2396 508 2459 ἔτι
536 2405 602 2459 τῶν
631 2393 757 2476 ὁμοίων
783 2403 852 2470 τοῖς
879 2394 992 2469 ἄλλοις
1019 2403 1165 2477 φρονεῖν

113 2505 247 2570 2τοὺτο
270 2502 307 2566 τὸ
331 2501 429 2586 ἔργον
452 2499 542 2588 αὐτρλ
570 2510 702 2585 πρῶτον
730 2499 892 2583 [φθάνον]
916 2497 1043 2582 ήνέγκε.
1090 2499 1165 2564 δια-

149 2605 355 2692 πραξάμενος
382 2603 420 2672 δέ
443 2608 502 2672 τὸν
524 2609 695 2692 θρίαμβον
718 2605 806 2693 αὑτςὸ
831 2605 977 2688 δοθήναι
998 2605 1056 2682 τάς
1077 2607 1165 2687 πρὸς

144 2709 296 2796 Ἕρνικας
328 2710 501 2795 ἐξήνεγκεν
534 2712 725 2796 ὁμολογίας·
757 2706 855 2777 αὗται
887 2704 917 2775 δ’
951 2705 1037 2795 ήσαν
1069 2710 1165 2776 άντί-

150 2839 273 2903 γραφοι
296 2827 363 2881 τῶν
385 2819 467 2903 πρὸς
489 2820 655 2894 Λατίνους
681 2801 887 2902 γενομένων,
913 2815 964 2902 ἐφ’
989 2809 1044 2895 ,αἶς
1070 2818 1164 2883 πάνυ

56 2999 60 3010 ¹
110 2946 136 2989 ιι
149 2925 296 3008 ήχθοντο
333 2922 369 2988 ολ
401 2923 624 3006 πρεσβύτατοί
652 2947 687 2988 τε
718 2922 774 2990 καὶ
805 2925 993 3010 τιμιώτατοι
1024 2922 1079 2989 καὶ
1112 2921 1160 2989 δι’

149 3029 294 3108 ὑποψίας
317 3028 420 3095 αὐτὸν
443 3029 631 3115 ἐλάμβανον
653 3030 714 3096 οὐκ
737 3030 906 3110 ἀξιοῦντες
934 3041 991 3115 τῆς
1018 3037 1090 3114 ἴσης
1113 3053 1163 3096 τι-

221 3193 235 3240 1
257 3185 430 3258 εὐπορήσωσι
449 3185 471 3242 Ο
495 3185 525 3242 in
549 3187 572 3240 B
592 3189 658 3242 ante
677 3208 690 3243 ε
709 3205 807 3243 rasura
825 3194 894 3242 2-8
913 3186 1072 3242 litterarum
1091 3205 1162 3258 σομ-

148 3261 283 3332 ιιυρίσωσι
302 3275 325 3314 ο.
349 3257 492 3329 Kiessling
509 3260 643 3330 πορίσωσι
662 3259 735 3314 Prou
798 3265 883 3313 δτοο
903 3274 987 3328 supra
1004 3257 1096 3314 lin.B
1143 3265 1162 3313 4
1212 3323 1214 3328 Ι

149 3340 198 3401 τῆς
217 3331 281 3387 εδδ.
300 3331 323 3384 Β
413 3336 446 3385 10
465 3331 574 3403 σιήσαι]
594 3330 825 3399 καταστήσασθαι
843 3347 866 3383 ο,
885 3328 988 3384 Reiske
1074 3337 1108 3384 21
1128 3331 1160 3385 ιδ

148 3403 252 3526 {MP
280 3407 284 3470 Ι
307 3411 423 3474 ’πρῶτον
443 3401 599 3471 φθόνονΟ
622 3400 755 3475 πρῶ<τον
774 3400 910 3474 φθό>νον
929 3402 950 3454 Β
970 3400 1084 3470 φθόνον
1103 3399 1162 3457 del.

187 3489 229 3526 ess
242 3490 292 3543 mg
319 3509 322 3515 ,
