2484 3876
472 196 639 246 -Η-
998 194 1063 261 159

63 351 205 437 γενέσθω
235 352 293 419 καὶ
321 352 470 432 ἀθύτους
498 351 553 420 καὶ
579 367 685 440 τιμῶν
712 357 863 440 νομίμων
889 354 1063 443 ἀμοίρους,

62 460 115 544 ἐγὼ
144 457 204 545 μὲν
237 459 299 526 ούκ
331 459 448 544 ἠξίουν
477 461 600 547 άνδρα,
633 461 697 551 ὅτῳ
727 459 866 548 φροντίς
895 462 1100 548 ὑποσηοῢν2

14 565 162 651 ιοιιάρετης
184 565 294 652 ἐστιν,
317 567 393 634 ούτε
417 579 633 653 συναναιρεῖν
656 579 725 645 τοῖς
747 567 882 655 ἐχθροῖς
904 569 944 635 τὰ
968 573 1063 655 φίλια

60 673 123 738 ούτε
148 675 296 758 χαλεπὸν
327 673 432 760 ὀργὴν
460 669 547 740 εἶναι
576 672 632 740 καὶ
658 673 882 761 ἀπαραίτητον
909 676 957 753 είς
984 678 1063 752 τοὺς

59 778 329 864 ἐξαμαρτάνοντάς
345 802 378 845 τι
396 779 473 867 περὶ
490 781 606 866 αὐτόν,
624 782 732 859 άλλως
749 803 784 848 τε
801 779 858 848 καὶ
876 783 970 860 δίκας
981 778 1059 867 παρ’
1089 805 1103 844 ι

58 883 152 952 αὐτῶν
173 887 338 971 εἰληφότα
360 887 485 966 πολλὰς
506 885 561 952 καὶ
584 887 735 971 μεγάλας.
772 887 793 953 δ
816 883 878 971 μὲν
901 881 964 953 οὖν
982 885 1098 959 ἀπο-3

57 995 217 1072 λοχεῖσθαί
241 1015 280 1058 τε
306 989 383 1079 περὶ
409 993 505 1078 ἡμῶν
532 992 642 1058 αὐτῶν
664 999 796 1078 εῖχομεν
819 989 874 1059 καί
896 1003 1063 1078 παραιτεῖ-

57 1100 127 1162 σθαί
145 1115 181 1164 σε
204 1097 286 1186 περὶ
308 1109 376 1166 τῶν
399 1101 599 1184 δημοτικῶν,
621 1097 712 1166 ταῦτ’
735 1099 837 1184 έστιν,
860 1099 881 1165 δ
900 1095 931 1163 δ’
948 1097 1062 1164 ὑποτί·

56 1208 167 1269 θεσθαί
191 1222 249 1270 σοι
279 1201 323 1270 δι’
350 1205 487 1271 εύνοιαν
515 1206 550 1270 οἱ
574 1207 761 1291 τιμιώτατοι
789 1208 899 1290 φίλων
925 1205 1061 1289 ἥκοντες

56 1307 98 1374 καί
130 1311 370 1398 ὑπισχνεῖσθαι
405 1310 669 1402 διαλλαττομένῳ
701 1314 783 1397 πρὸς
814 1314 875 1397 τὴν
906 1313 1061 1398 πατρίδα,
1077 1335 1102 1376 ιο

55 1421 147 1482 ταυτί·
171 1418 209 1484 έν
236 1412 264 1506 ᾧ
287 1419 325 1484 τὸ
349 1419 520 1485 δύνασθαί
540 1435 594 1485 σοι
617 1417 759 1502 μάλιστα
780 1418 921 1505 ὑπάρχει
943 1416 998 1483 καί
1021 1419 1059 1484 τὸ

55 1527 135 1588 θεῖον
162 1527 211 1590 ἔτι
236 1524 463 1609 συλλαμβάνει
487 1523 659 1610 μετριάσαι
681 1521 737 1589 καὶ
759 1525 976 1609 ταμιεύεσθαι
998 1523 1060 1607 τὴν

54 1628 140 1714 τύχην
154 1628 407 1715 ἐνθυμηθέντα,
426 1630 477 1695 δτι
495 1631 677 1715 μεταβολάς
694 1632 761 1716 ἔχει
779 1629 886 1696 στάντα
902 1630 942 1696 τὰ
954 1629 1059 1716 πράγ-

55 1756 124 1814 ματα
148 1735 206 1803 καὶ
236 1731 339 1802 οὐδὲν
366 1734 420 1802 ε’πὶ
446 1747 515 1803 τῶν
542 1737 654 1803 αὑτῶν
681 1741 774 1821 φιλεῖ
793 1734 979 1820 διαμένειν,
1006 1759 1059 1802 νε-

55 1846 177 1920 μεσᾶταί
202 1866 240 1909 τε
268 1843 376 1908 πάντα
398 1841 465 1908 ὑπὸ
487 1849 578 1909 θεῶν
601 1844 642 1908 τά
664 1841 881 1929 ὑπερέχοντα,
908 1842 989 1909 ὅταν
1011 1845 1059 1920 εἰς
1074 1865 1099 1907 ιε

54 1945 141 2030 άκρον
163 1948 360 2034 ἐπιφανείας
383 1947 555 2034 ιἰφίκηται,
577 1947 632 2014 καὶ
654 1947 805 2035 τρέπεται
827 1949 928 2014 πάλιν
950 1950 999 2026 είς
1021 1950 1058 2014 τὸ

56 2052 150 2136 μηδέν.
188 2055 332 2140 μάλιστα
356 2051 393 2120 δὲ
415 2063 514 2121 τοῦτο
536 2055 653 2141 πάσχει
678 2056 718 2120 τδι
741 2056 866 2141 σκληρά
885 2053 940 2120 καί
960 2056 1058 2139 μενά-

55 2160 144 2243 λαοχα
170 2163 372 2248 φρονήματα
398 2160 454 2227 καί
479 2164 557 2239 τοὺς
579 2161 679 2249 ὅρους
702 2160 898 2246 ἐκβαίνοντα
920 2170 978 2244 της
1000 2161 1058 2226 άν-

54 2267 211 2351 θρωπίνης
234 2268 375 2351 φύσεως.
411 2267 551 2353 ὑπάρχει
575 2265 615 2332 δέ
636 2282 689 2332 σοι
711 2277 777 2332 νῦν
800 2265 956 2331 ἁπάντων
978 2265 1093 2350 κρά-4

11 2375 133 2435 Ιῖιῖτιστα
149 2373 403 2439 καταλύσασθαι
420 2374 480 2439 τὸν
497 2375 657 2458 πόλεμον·
680 2373 701 2456 ἥ
719 2395 754 2438 τε
771 2373 835 2458 γάρ
849 2373 955 2456 βουλὴ
968 2379 1057 2437 πᾶσα
1071 2396 1098 2436 εο

54 2474 184 2562 ὥρμηται
212 2480 276 2564 τὴν
303 2480 455 2546 κάθοδον
482 2482 698 2564 ψηφίσασθαί
723 2496 792 2562 σοι,
824 2476 880 2542 καὶ
907 2478 925 2543 ὁ
953 2478 1057 2562 δῆμος

55 2577 165 2668 ἕτοιμός
189 2585 260 2652 ἐστι
283 2588 376 2675 νύμφ
399 2583 588 2670 κυρωθέντι
606 2591 704 2652 λύσαι
722 2586 784 2669 τὴν
802 2583 989 2670 άειφνχίαν.
1024 2587 1061 2650 τί

56 2681 104 2752 οὑν
128 2693 176 2756 ἔτι
203 2693 326 2758 κωλύει
355 2708 392 2758 σε
418 2694 476 2769 τὰς
502 2692 640 2776 ἡδίστας
666 2689 721 2757 καὶ
747 2692 941 2776 τιμιωτάτας
963 2694 1057 2774 ὄψεις

55 2802 107 2857 ιθν
122 2795 392 2881 ἀναγκαιοτάτων
411 2798 573 2884 σωμάτων
590 2797 772 2881 ἀπολαβεῖν
786 2795 840 2863 καὶ
858 2802 1057 2884 κεκομίσθαι

55 2899 103 2982 τὴν
117 2904 341 2991 περιμάχητον
360 2906 503 2991 πατρίδα
521 2906 634 2991 άρχειν
648 2927 682 2969 τε
697 2905 806 2990 ὥσπερ
822 2922 875 2971 σοι
888 2915 1055 2991 προσῆκεν
1069 2926 1095 2967 τε

112 3091 194 3151 θοὺν
214 3097 266 3150 ούκ
286 3093 309 3149 Ο
327 3096 481 3164 ριοοῖθεΒ
535 3095 757 3167 θυνναιρεῖνΑ
811 3103 827 3152 5
848 3092 1054 3168 ἐξαμαρτόντας

57 3173 74 3211 ⁰·
89 3159 183 3242 ,ὕοντος
201 3165 268 3221 obs.
287 3185 315 3236 p.
330 3173 364 3222 59
447 3173 463 3220 9
482 3170 709 3236 φιλονεικοῦντες
726 3167 777 3223 ΑΟ
795 3171 885 3238 φίλων
903 3166 1009 3237 ἥκομεν
1027 3175 1052 3219 ο.

57 3226 150 3305 Reme,
178 3239 269 3306 φίλων
298 3239 404 3293 εῖκοντι
432 3255 454 3294 ο.
474 3238 631 3308 Κίοεελίορ,
660 3241 760 3308 postea
782 3239 879 3309 Progr.
898 3239 962 3292 Βοε.
983 3242 1052 3291 1868

58 3315 77 3366 P·
93 3309 121 3359 20
145 3307 220 3362 idem
250 3305 281 3362 οἱ
306 3311 468 3379 τιμιώτατοι
499 3304 544 3381 [ἐκ
578 3317 627 3364 τού
656 3310 817 3381 συνεδρίου]
846 3312 1054 3388 φιλονεικοῦντα

58 3375 176 3450 ῖοῐάοοίὑ
232 3387 264 3434 12
286 3377 339 3452 ἔτι]
359 3380 445 3436 ύτιΔ
506 3387 537 3435 13
557 3379 670 3435 ἅπαντα
690 3378 712 3433 Ο
732 3395 801 3432 corr.
820 3376 964 3446 Kmssling
1019 3384 1052 3433 19

59 3442 152 3502 πάντων
171 3449 192 3506 O
211 3448 346 3505 ἁπάντων
364 3449 509 3521 Kiessling
564 3457 603 3505 20
617 3449 798 3518 κεκομίσθαι]
818 3449 1013 3513 κοκοσμῆσθαι
1027 3447 1053 3499 Α
