2508 3882
505 244 674 294 -H-
1031 241 1099 307 255

89 399 250 486 Ῥωμαίοις
272 401 470 486 διέγνωσαν,
492 400 548 468 καί
570 406 815 486 συναγαγόντες
833 403 866 482 ἐξ
890 402 1017 488 ἁπάσης
1039 408 1097 470 πό-

95 515 166 586 λεως
190 510 252 593 την
278 512 432 594 νεότητα,
460 507 552 593 μίρει
579 508 642 593 μίν
668 533 735 575 τινι
764 518 821 594 τῆς
848 511 1021 594 δυνάμεως
1044 509 1098 577 ἐπὶ

94 617 144 692 τὰς
158 612 320 700 Ἑρνίκων
342 637 377 681 τε
400 612 455 680 καί
478 618 635 681 Λατίνων
657 619 770 693 πόλεις
792 614 1030 702 ἐστράτευσαν,
1056 625 1096 703 τῇ

94 718 127 786 δὲ
146 726 252 807 λοιπῇ,
274 722 295 805 ἣ
319 726 455 806 πλείστη
477 719 506 787 τ’
528 715 571 805 ην
592 719 649 786 κοιλ
671 725 839 807 κρατίστη,
860 723 939 800 τοὺς
962 721 1016 788 ἐπὶ
1037 724 1096 800 τὰς

91 831 193 906 πόλεις
218 839 315 912 σφῶν
342 828 480 912 ἥξονταςΙ
512 826 669 914 δέχεσθαι
697 830 850 912 ἣμελλον.
902 835 1005 893 ταῦτα
1034 851 1095 914 μα-
1123 848 1135 888 ο

91 941 184 1000 θοῦσι
206 931 377 1018 Ῥωμαίοις
404 933 496 1012 ἔδοξε
525 935 601 1019 διχῇ
629 931 743 1019 νέμειν
770 935 828 1011 τὰς
855 934 1013 1018 δυνάμεις
1040 933 1095 1001 καλ

90 1049 126 1125 τῇ
145 1037 204 1125 μὲν
226 1031 322 1128 ἑίέρᾳ
344 1041 405 1124 τὴν
424 1037 585 1126 Ἑρνίκων
608 1062 641 1105 τε
664 1038 720 1106 καὶ
737 1044 894 1106 Λατίνων
915 1041 972 1106 διὰ
989 1045 1095 1126 φυλα-

90 1155 142 1230 κῆς
163 1148 262 1232 ἔχειν,
284 1156 323 1232 τη
347 1144 377 1211 δ’
406 1144 501 1234 ἑτέρᾳ
523 1148 585 1231 την
610 1145 833 1212 Οὐολούσκων
856 1151 1037 1229 λεηλατεῖν.

20 1266 89 1316 1713
147 1251 347 1317 LXXXIIII.
384 1251 720 1338 Διακληρωσαμίνων
739 1249 776 1318 δὲ
799 1263 866 1318 τῶν
884 1251 1020 1319 ὑπάτων
1037 1254 1096 1331 τὰς

89 1359 253 1443 δυνάμεις,
282 1359 327 1436 ὡς
357 1359 448 1424 ἔστιν
480 1359 593 1436 αὐτοῖς
625 1361 720 1443 ἔθος,
749 1361 787 1424 τὸ
815 1355 878 1443 μὲν
905 1358 1094 1444 ἐπικουρεῖν
1109 1379 1135 1418 ιο

88 1462 201 1547 μάλλον
224 1477 296 1542 τοϊς
317 1463 502 1551 συμμάχοις
524 1465 710 1552 στράτευμα
728 1467 866 1530 Καίσων
886 1465 1014 1548 Φάβιος
1034 1486 1095 1529 πα-

87 1569 214 1656 ρέλαβε,
240 1571 386 1656 θάτερον
414 1569 451 1636 δὲ
474 1572 617 1648 Λεύκιος
645 1573 731 1656 ἔχων
758 1568 812 1636 ἐπὶ
834 1571 896 1654 τὴν
915 1567 1094 1636 Ἀντιατῶν

86 1671 138 1759 ᾗνε
154 1681 264 1743 πόλιν.
310 1681 489 1762 γενόμενος
507 1673 545 1742 δὲ
562 1681 705 1760 πλησίον
724 1688 791 1743 τῶν
810 1675 914 1762 ὁρίων
932 1674 988 1741 καλ
1004 1699 1095 1742 κατι-

86 1782 148 1847 δὼν
173 1783 233 1860 τὰς
259 1793 327 1848 τῶν
353 1787 523 1868 πολεμίων
550 1783 722 1867 δυνάμεις,
751 1785 825 1848 τότε
852 1779 914 1867 μὲν
945 1781 1094 1847 ἀντικατ-

85 1887 379 1974 εστρατοπέδευσεν
418 1887 471 1954 ίπλ
507 1891 634 1974 λόφου,
668 1898 741 1966 ταίς
777 1887 807 1954 δ’
849 1885 923 1973 ἑξῆς
958 1886 1095 1975 ἡμέραις
1108 1907 1133 1948 ιε

85 1993 236 2072 ἐξιόντων
258 1997 306 2073 είς
327 1997 365 2061 τὸ
388 1996 506 2061 πεδίον
524 2005 592 2060 τῶν
609 1998 778 2079 πολεμίων
795 1996 924 2080 θαμινὰ
941 1993 997 2060 καὶ
1014 2016 1094 2080 προ-

84 2099 294 2186 καλουμένων
318 2104 366 2180 είς
387 2102 507 2186 μάχην,
529 2099 627 2184 ηνίκα
650 2103 709 2166 τὸν
727 2103 851 2168 οίκεῑον
870 2103 958 2186 ἔχειν
976 2102 1094 2186 καιρὸν

84 2207 324 2291 ὑπελάμβανεν,
347 2206 440 2291 ἐξῆγε
459 2208 516 2284 τάς
537 2207 709 2291 δυνάμεις·
732 2203 788 2272 καί
810 2203 891 2290 πρὶν
914 2208 962 2281 είς
982 2217 1094 2290 χεῖρας

84 2311 191 2378 ίλθείν
224 2316 427 2398 παρακλήσει
458 2336 492 2377 τε
526 2317 631 2398 πολλῇ
659 2310 715 2378 καί
743 2310 945 2378 ἐπικελεύσει
971 2311 1093 2395 χρησά-

84 2441 186 2502 μενος,
215 2417 366 2484 ἐκέλευσε
390 2422 564 2503 σημαίνειν
585 2420 624 2484 τὸ
646 2419 837 2502 πολεμικόν·
861 2415 917 2482 καὶ
939 2418 976 2482 ολ
995 2434 1092 2502 στρα-
1106 2437 1133 2476 νο

83 2535 189 2590 τιῶται
217 2527 256 2592 τὸ
284 2525 430 2608 σύνηθες
456 2523 676 2603 ἀλαλάξαντες
704 2524 826 2610 ἀθρόοι
853 2524 935 2588 κατὰ
957 2526 1092 2607 σπείρας

84 2653 112 2694 τε
138 2629 193 2696 καὶ
220 2632 303 2696 κατὰ
330 2634 450 2719 λόχους
481 2630 697 2715 συνέβαλλον.
747 2630 792 2708 ὡς
821 2625 859 2694 δὲ
886 2630 945 2707 τὰς
971 2631 1127 2716 λόγχαςλ

84 2735 188 2802 καὶτὰ
208 2741 329 2803 σαυνία
347 2734 403 2801 καὶ
422 2737 485 2802 ὅσα
498 2733 589 2822 είχον
606 2735 749 2821 ἑκηβόλα
768 2734 991 2816 ἐξανάλωσαν,
1010 2750 1092 2799 σπαι-

85 2843 214 2926 σάμενοι
236 2844 277 2908 τά
300 2842 379 2929 ξίφη
403 2843 646 2928 συρράττουσιν
669 2841 824 2925 ἀλλήλοις
852 2848 907 2928 ίση
930 2843 1034 2927 τόλμη
1056 2863 1092 2905 τε

84 2945 131 3012 καλ
159 2948 323 3037 ἐπιθυμίᾳ
348 2960 408 3016 τοῦ
436 2949 566 3032 ἀγῶνος
592 2948 740 3035 ἑκάτεροι
768 2949 946 3035 χρώμενοι·
974 2941 1018 3030 ην
1045 2970 1091 3029 τε,
1105 2963 1132 3006 2⁶

84 3052 122 3130 ὡς
150 3052 206 3120 καὶ
238 3058 402 3141 πρότερον
435 3058 538 3140 ἔφην,
574 3056 802 3141 παραπλήσιος
835 3054 949 3130 αὐτοῖς
981 3052 998 3118 ὁ
1031 3062 1091 3119 τοῦ

32 3157 206 3242 nummos
228 3164 360 3247 τρόπος,
383 3158 439 3226 καὶ
461 3162 537 3226 οὔτε
560 3161 581 3244 ἡ
605 3164 706 3246 σοφία
724 3145 779 3226 καί
801 3157 822 3241 ἡ
846 3158 998 3243 ἐμπειρία
1015 3155 1091 3222 Ῥω·

84 3271 182 3348 μαίων
205 3265 281 3356 περὶ
303 3267 362 3344 τὰς
385 3267 506 3352 μάχας,
533 3260 554 3353 ᾗ
577 3267 741 3352 χρώμενοι
764 3266 804 3329 τά
827 3264 934 3328 πολλά
957 3260 1091 3346 ἐπεκρά-

148 3501 179 3550 13
198 3493 332 3565 ὁρέωνΑ
406 3500 437 3548 17
459 3493 549 3549 οίκίον
568 3493 614 3548 Ba
686 3499 720 3547 27
740 3487 871 3562 ἐματιρεία
889 3489 936 3544 Ba
