2538 3884
163 195 230 260 364
586 225 621 236 -·
657 193 683 248 Θ
720 225 753 234 -

163 357 358 442 εβούλευεν,
385 355 443 421 ἵνα
469 355 563 443 χάρις
589 355 611 438 ἡ
638 355 873 442 παραχώρησις
900 351 1010 420 αὐτῶν
1032 348 1183 436 γένηται.

163 463 270 528 πολλὰ
291 463 354 549 γὰρ
377 459 433 528 καί
456 462 541 528 ἄλλα
564 463 608 546 μή
628 463 749 539 δόντας
766 461 855 549 αὐτῷ
873 461 955 526 κατὰ
974 462 1186 546 προαίρεσιν,

163 565 220 634 ὑπ’
248 566 392 653 ἀνάγκης
415 565 715 654 συγκεχωρηκέναι·
747 568 826 644 τούς
847 590 882 633 τε
905 563 1101 650 κατέχοντας
1125 565 1187 641 τὰς
1257 596 1258 664 χ

163 678 293 760 κτήσεις
315 669 364 741 ών
386 672 619 760 ἐκαρπώσαντο
637 677 771 760 χρόνων
790 675 953 749 λαθόντες
969 670 1064 755 ἠξίου
1082 667 1258 756 χώρινιεεί

128 763 307 878 ξείθέναι,
328 778 562 865 κωλυομένους
585 777 623 846 δέ
645 781 690 864 μή
714 786 926 866 φιλοχωρεῖν.
971 781 1036 863 ἔφη
1060 800 1094 843 τε
1116 779 1186 842 σὺν

163 896 209 975 τῷ
239 888 372 976 θικαίφ,
399 886 417 952 ὃ
440 887 561 964 πάντες
583 886 825 971 ὁμολογήσειαν
849 886 987 971 ίσχυρὸν
1011 879 1115 968 εἶναι,
1143 883 1187 948 τὰ
1258 930 1259 972 χ

164 988 226 1077 μὲν
252 994 395 1078 δημόσια
417 994 514 1058 κοινά
536 993 672 1058 πάντων
694 988 798 1076 εἶναι,
824 987 918 1058 τὰδ’
948 992 1018 1056 ἴδια
1042 987 1186 1055 ἕκαστον
1258 975 1259 992 ³

163 1109 231 1164 τών
254 1101 346 1185 νόμῳ
369 1097 596 1183 κτησαμένων·
618 1096 674 1164 καὶ
698 1097 881 1181 ἀναγκαίου
903 1099 968 1183 ήδη
989 1099 1028 1162 τὸ
1047 1104 1187 1183 πρᾶγμα

164 1204 230 1270 ὑπὸ
260 1203 360 1288 <τής>
390 1207 514 1289 βουλῆς
545 1203 720 1288 γεγονέναι
751 1207 816 1291 πρὸ
849 1202 933 1270 ἐτῶν
964 1198 1187 1269 ἑπτακαίδεκα

125 1333 151 1374 10
164 1311 227 1395 τήν
249 1319 313 1394 γήν
337 1309 506 1394 διανέμειν
528 1309 770 1396 ψηφισαμένης.
815 1308 870 1376 καί
895 1307 985 1376 τοῦτ’
1012 1307 1186 1393 ἀπέφηνεν
1259 1337 1260 1340 “

165 1415 218 1483 ἐπὶ
241 1424 287 1502 τῷ
311 1414 516 1504 συμφέροντι
533 1414 601 1483 τότ’
623 1416 728 1500 αὐτήν
745 1419 1004 1501 βεβουλεῦσθαι,
1026 1417 1084 1481 ἵνα
1102 1416 1186 1500 μήτε

164 1532 206 1609 γῆ
233 1522 350 1610 χέρσος
376 1516 414 1609 ᾖ,
441 1522 496 1588 καλ
520 1524 538 1589 ὁ
560 1523 622 1606 τήν
644 1526 744 1589 πόλιν
767 1525 933 1608 οἰκουρῶν
954 1520 1057 1606 πένης
1085 1523 1188 1606 ὄχλος
1260 1596 1261 1608 χ

165 1631 210 1716 μή
229 1629 340 1715 ἀργός,
359 1629 470 1715 ὥσπερ
489 1639 554 1695 νῦν
572 1640 642 1706 τοῖς
660 1629 848 1715 ἀλλοτρίοις
866 1628 1008 1713 ἀγαθοῖς
1026 1634 1186 1712 φθονών,
1260 1619 1261 1636 ³

167 1732 378 1823 ἐπιτρέφηται
402 1731 439 1800 δὲ
461 1744 500 1820 τῇ
523 1737 618 1801 πόλει
640 1738 757 1820 νεότης
779 1734 816 1800 ἐν
840 1733 1004 1819 ἐφεστίοις
1026 1731 1083 1799 καὶ
1104 1736 1187 1816 κλή-

127 1862 152 1902 15
167 1865 239 1928 ροις
260 1836 436 1927 πατρῴοις,
458 1841 580 1926 ἔχουσί
602 1865 635 1906 τι
652 1839 707 1907 καὶ
727 1838 780 1906 ε’πὶ
798 1850 843 1928 τῷ
863 1846 970 1918 καλῶς
988 1839 1186 1926 τεθράφθαι

131 1946 250 2031 6μέγα
272 1957 425 2032 φρονεῖν·
449 1944 520 2012 ἐπεὶ
543 1958 613 2025 τοῖς
634 1946 667 2032 γ’
688 1947 844 2032 ἀκλήροις
864 1946 921 2014 καὶ
944 1946 1066 2013 ἐκτῶν
1084 1945 1185 2012 ἀλλο·
1261 1933 1262 1942 ¹

164 2057 267 2140 τρίων
289 2051 474 2137 κτημάτων,
496 2052 517 2118 ἀ
540 2059 666 2138 μισθοῦ
689 2052 899 2140 ἐργάζονται,
921 2056 1087 2138 γλίσχρως
1109 2053 1187 2117 δια-

165 2156 396 2245 τρεφομένοις,
423 2157 444 2242 ή
472 2159 621 2246 ἀρχῆθεν
648 2161 692 2244 μή
721 2157 909 2244 ἐμφύεσθαι
938 2162 1043 2246 ἔρωτα
1067 2167 1187 2242 γενεᾶς

166 2262 301 2350 τέκνων,
324 2265 345 2350 ή
369 2264 518 2351 ἐμφύντα
540 2268 689 2352 πονηρὸν
713 2263 865 2351 ἐκφέρειν
882 2268 1011 2351 καρπὸν
1029 2261 1086 2329 καί
1103 2261 1181 2330 οὐδ’

8 2459 9 2462 ¹
126 2393 152 2433 εο
167 2370 303 2457 εὐτυχῆ,
329 2371 365 2438 ἐκ
391 2383 557 2438 ταπεινῶν
584 2394 619 2437 τε
642 2369 913 2458 συμπορισθέντα
936 2362 990 2437 οἶα
1013 2372 1102 2448 είκὸς
1124 2371 1185 2453 γά-

8 2483 10 2530 ὶ
132 2481 254 2561 λμων,
276 2475 332 2543 καλ
355 2476 392 2544 ἐν
414 2476 738 2564 κατεπτωχευμέναις
760 2476 926 2564 τραφέντα
948 2478 1071 2562 τύχαις.
1116 2475 1253 2560 ἐγὼιεεσ

166 2578 227 2667 μὲν
255 2577 332 2668 οὖν,
360 2586 439 2669 ἐφη,
466 2584 603 2668 γνώμην
632 2582 889 2669 ἀποδείκνυμαι,
916 2583 956 2649 τοί
978 2605 1013 2647 τε
1036 2585 1185 2669 προβου-

166 2687 330 2755 λευθέντα
358 2690 424 2756 ὑπὸ
450 2700 511 2757 τοῦ
539 2692 718 2777 συνεδρίου
745 2688 801 2756 καὶ
823 2691 880 2755 ὃιά
902 2691 960 2766 τάς
982 2687 1102 2773 μεταξὺ
1126 2712 1184 2754 τα-

237 2956 255 3004 4
277 2949 376 3018 ἠξίουν
394 2950 417 3002 Β
509 2959 524 3007 6
548 2951 585 3008 ἀν
603 2953 668 3021 post
686 2951 790 3015 πάντες
808 2952 873 3008 add.
893 2951 982 3006 Cobet
1001 2950 1067 3006 obs.
1086 2968 1113 3020 p.
1130 2957 1182 3006 183

166 3026 257 3094 Βτῷ·
278 3021 354 3095 νόμφ
372 3019 424 3075 AO
497 3029 580 3086 9τ”ς
598 3023 664 3079 add.
681 3023 786 3077 Reiske
860 3028 892 3077 12
912 3020 998 3077 οίκῶν
1016 3039 1040 3076 ο.
1056 3022 1180 3095 Βθὶελῐθή

167 3093 248 3163 ὄχλος
270 3109 323 3148 om.
344 3093 366 3148 Ο
384 3095 498 3164 praeter
515 3043 620 3162 Agmg
728 3099 761 3148 13
784 3095 850 3164 post
868 3094 954 3164 ἀργὸς
976 3097 1026 3148 aut
1043 3095 1111 3163 μοεί
1127 3102 1182 3148 νῦν

166 3164 270 3219 Βεὶελο
288 3167 415 3234 καθῆται
434 3165 498 3220 add.
572 3169 606 3217 14
625 3164 657 3219 δὲ
676 3181 730 3220 om.
748 3165 801 3219 AB
874 3169 908 3220 15
927 3165 1056 3235 πατρίοις
1073 3165 1096 3219 Β
1113 3167 1118 3233 Ι
1138 3183 1183 3219 τε-

150 3235 297 3307 τράφθαι
316 3234 339 3290 Ο
358 3252 427 3291 corr.
447 3234 536 3290 Cobet
555 3233 621 3290 Obs.
639 3254 667 3305 p.
688 3241 739 3291 183
813 3243 846 3290 17
865 3235 1014 3307 χρημάτων
1033 3234 1056 3289 0
1076 3235 1183 3305 κτημά-

167 3328 223 3362 των
247 3306 370 3375 Sylburg
396 3326 438 3388 χρ,
462 3306 532 3376 πρὸς
554 3303 573 3358 ἃ
598 3322 622 3360 ο.
645 3306 749 3362 Reiske
778 3309 783 3375 Ι
812 3309 878 3376 post
901 3303 1135 3377 διατρεφομένοις
1158 3323 1183 3362 ο.

166 3377 275 3498 Βείελτιχ
289 3375 596 3500 ἀνάγιχχΒιυεεεευώοω
615 3391 676 3431 esse
750 3384 783 3433 19
803 3377 899 3433 οὐδενί
917 3379 1018 3447 εὐτυχῆ
1038 3393 1062 3432 ο.
1076 3376 1183 3431 Reiske

167 3451 202 3498 23
225 3466 262 3499 κα
293 3463 347 3501 om.
