2484 3876
159 179 223 242 142
579 177 746 226 -Η-

157 341 289 425 ἠγάσθη
313 340 374 423 τὴν
396 340 532 422 γνώμην
551 337 569 403 ὁ
593 338 731 420 Τύλλος,
752 334 808 401 καὶ
830 339 868 402 τὸ
892 337 1095 422 δραστήριον
1117 346 1184 402 τοῦ

157 446 282 533 ἀνδρὸς
308 447 405 523 είδὼς
431 443 487 510 καὶ
514 439 665 528 ἐπιτυχὲς
692 441 871 529 ἐπέτρεψεν
893 442 1008 533 ἐκείνῳ
1031 452 1091 527 τῆς
1115 441 1182 520 ἔξω

157 562 312 639 στρατιάς
334 555 457 639 άρχειν.

223 659 334 725 XIIII.
360 656 427 724 Καί
445 659 463 724 ὁ
482 658 636 742 Μάρκιος
658 653 765 723 οὐθὲν
787 659 835 722 ἔτι
853 656 1077 741 διαμελλήσας
1095 651 1242 740 ἧκενισ.

7 749 11 760 ’
130 767 251 850 εάγων
268 768 330 850 την
349 767 493 849 δύναμιν
512 760 565 830 ἐπὶ
584 766 750 847 Κιρκαίαν
767 766 878 846 πόλιν,
899 761 937 828 ἐν
954 756 976 851 ᾖ
994 768 1185 850 κληροῦχοι

152 872 320 959 Ῥωμαίων
342 868 427 957 ἦσαν
450 873 609 955 ἀματοῖς
626 868 816 955 ἐπιχωρίοις
832 872 1097 954 πολιτευόμενοι,
1121 868 1184 935 καὶ

156 977 407 1067 παραλαμβάνει
429 978 491 1061 τὴν
512 980 612 1042 πόλιν
635 974 668 1053 ἐξ
692 974 827 1059 ἐφόδου.
866 975 911 1053 ὡς
933 977 996 1061 γάρ
1020 978 1182 1059 ἔγνωσαν

157 1088 193 1153 οί
213 1089 369 1171 Κιρκαῖοι
396 1081 624 1170 κρατουμένην
651 1093 748 1166 σφῶν
774 1084 837 1166 την
859 1084 971 1169 χώραν
993 1080 1048 1148 καί
1070 1100 1182 1169 προσ-

157 1192 307 1274 άγουσαν
327 1198 373 1276 τςό
395 1194 496 1273 τείχει
513 1191 575 1273 τὴν
594 1190 761 1276 στρατιάν,
784 1188 975 1268 ἀνοίξαντες
992 1190 1048 1266 τάς
1063 1190 1180 1267 πύλας

117 1318 142 1357 ιο
157 1293 295 1382 ἐξῄεσαν
318 1296 418 1380 ὁμόσε
441 1306 511 1373 τοίς
533 1299 703 1380 πολεμίοις
724 1297 865 1361 ἄνοπλοι
887 1300 1087 1381 παραλαβεῖν
1105 1298 1177 1380 τὴν

155 1406 255 1469 πόλιν
278 1401 460 1481 ἀξιοῦντες·
484 1402 564 1488 ὅπερ
588 1401 700 1480 αὐτοῖς
721 1408 829 1467 αίτιον
845 1410 906 1467 τοῦ
924 1399 1030 1486 μηδὲν
1045 1408 1176 1468 παθεῖν

121 1514 142 1578 2
156 1509 338 1594 ἀνήκεστον
358 1507 497 1593 ἐγένετο.
529 1509 687 1595 οὔτεγὰρ
706 1508 816 1574 αὐτῶν
834 1507 1024 1575 ἀπέκτεινεν
1041 1509 1059 1575 ὁ
1075 1525 1178 1595 στρα-

156 1619 255 1701 τηγὸς
282 1614 421 1699 οὐδένα,
448 1613 516 1681 οὔτ’
545 1614 703 1699 ἐξήλασεν
730 1614 766 1680 ἐκ
792 1624 851 1700 τῆς
872 1619 1010 1693 πόλεως·
1044 1615 1173 1700 ἐσθῆτα

156 1719 193 1788 δὲ
220 1733 290 1799 τοῖς
317 1723 529 1808 στρατιώταις
555 1720 611 1786 καὶ
638 1722 763 1808 τροφάς
789 1723 839 1799 είς
865 1731 953 1807 μῆνα
977 1707 1096 1800 ἱκανάς
1115 1721 1170 1787 καὶ

116 1848 142 1889 15
155 1828 317 1915 ἀργύριόν
340 1851 371 1892 τι
393 1826 526 1914 μέτριον
549 1829 661 1912 λαβὼν
684 1828 789 1912 ἀπῆγε
807 1829 869 1911 τὴν
887 1830 1032 1913 δύναμιν
1050 1829 1173 1913 ὀλίγην

155 1946 276 2022 μοῖραν
304 1933 341 1999 ἐν
367 1943 406 2020 τῇ
432 1936 527 2000 πόλει
554 1936 743 2001 καταλιπὼν
765 1944 824 2019 τῆς
845 1933 872 2001 τ’
898 1934 1081 2020 ἀσφαλείας
1102 1946 1175 2001 τῶν

155 2041 377 2108 ἐνοικούντων
396 2040 501 2126 ἕνεκα,
524 2045 568 2127 μή
586 2067 619 2107 τι
637 2043 701 2108 ὑπὸ
716 2039 885 2128 Ῥωμαίων
902 2043 1036 2108 πάθωσι
1053 2045 1175 2126 κακόν,

100 2147 210 2216 Ιδκαί
231 2157 291 2214 τοῦ
314 2144 419 2232 μηδὲν
440 2148 582 2233 ὕστερον
604 2152 807 2236 νεωτερίσαι.
846 2151 893 2226 είς
911 2146 948 2214 δέ
966 2150 1027 2232 τὴν
1039 2146 1175 2234 Ῥώμην

155 2256 200 2335 ὡς
221 2253 369 2340 ἠγγέλθη
392 2255 432 2319 τὰ
455 2258 617 2340 γενόμενα
640 2259 725 2322 πολὺ
747 2259 871 2321 πλείων
891 2257 1014 2342 ταραχὴ
1033 2253 1090 2320 καὶ
1107 2260 1174 2322 θό-

115 2383 140 2422 εο
155 2367 256 2450 ρυβος
283 2357 326 2447 ην
353 2373 420 2440 τῶν
447 2358 508 2447 μὲν
534 2367 718 2450 πατρικίων
739 2364 798 2428 τὸν
821 2364 928 2447 δῆμον
952 2361 1096 2448 ἐχόντων
1121 2361 1170 2428 δι’
1240 2371 1241 2403 ¹

154 2471 271 2559 αἰτίας,
294 2469 344 2534 ὅτι
367 2471 569 2554 πολεμιστὴν
592 2471 699 2556 ἀνδρα
717 2467 773 2534 καὶ
791 2470 993 2554 δραστήριον
1010 2467 1066 2534 καὶ
1084 2493 1174 2555 φρο-

153 2577 298 2659 νήματος
328 2576 487 2659 εὐγενοῦς
518 2577 638 2661 μεστὸν
669 2577 789 2655 ψευδεῖ
817 2578 1050 2662 περιβαλόντες
1077 2577 1173 2663 αίτίᾳ

155 2688 211 2761 τῆς
233 2684 359 2758 πόλεως
380 2680 552 2764 ἀπήλασαν
574 2679 630 2747 καὶ
647 2683 896 2768 παρεσκεύασαν
913 2682 1059 2766 ἡγεμόνα
1079 2681 1171 2747 Ούο-

118 2783 308 2860 4λούσκοις
333 2785 505 2867 γενέσθαι·
536 2797 602 2853 τῶν
627 2783 664 2852 δὲ
692 2791 940 2872 προεστηκότων
967 2798 1028 2854 τοῦ
1055 2789 1170 2871 δήμου
1239 2839 1240 2846 1

114 2903 141 2942 25
155 2892 350 2975 κατηγορίας
376 2898 436 2956 τοῦ
459 2893 638 2978 συνεδρίου
659 2893 870 2978 ποιουμένων
892 2892 947 2960 καί
970 2897 1006 2960 τὸ
1028 2904 1235 2981 πράγμαιοει

155 2993 235 3060 όλον
253 2993 286 3074 ἐξ
305 2994 482 3080 ἐπιβουλῆς
498 2995 554 3062 ὑπ’
572 2997 708 3064 ἐκείνων
722 3000 983 3067 κατεσκευάσθαι
996 3003 1169 3084 λεγόντων

224 3232 240 3280 2
260 3221 387 3296 ἐπιτυχὲς
404 3232 465 3289 ταῖς
483 3225 586 3296 μάχαις
604 3228 654 3284 Ac
673 3234 734 3290 ταῖς
752 3227 854 3297 μάχαις
873 3246 926 3283 om.
946 3228 970 3281 B
1026 3235 1059 3284 10
1077 3229 1166 3299 ὁμόσε

151 3301 210 3359 τοῖς
228 3300 370 3368 πολεμίοις
388 3295 442 3352 del.
461 3297 605 3369 Kiessling
673 3305 705 3352 12
725 3294 879 3372 ἐγ<ε>νετο
898 3300 923 3352 Α
988 3306 1020 3355 13
1040 3294 1166 3369 ἐσθῆτας

151 3362 203 3419 Ao
277 3374 309 3422 15
332 3389 359 3422 τι
377 3365 489 3438 μέτριον
513 3385 566 3424 om.
585 3373 609 3422 A
680 3376 714 3424 22
738 3369 933 3443 ψευδ<εῖ>Β
1006 3375 1039 3424 23
1063 3365 1096 3424 ἐκ
1114 3379 1166 3440 τῆς
1238 3359 1239 3381 ’

152 3429 242 3490 Cobet
260 3437 324 3493 Obs.
343 3457 370 3508 p.
386 3443 437 3493 168
