2508 3882
154 207 218 272 192
577 208 744 258 *Η-

152 369 322 455 κεχόρισαι
345 367 484 452 δωρεάν.
529 367 610 451 μετὰ
633 375 736 433 ταῦτα
759 377 826 432 τῶν
847 368 991 433 παιδίαν
1015 363 1176 449 ἑκάτερον

152 478 401 560 προσαγόμενος
426 472 483 540 καὶ
509 476 588 550 τοὺς
613 476 843 560 προσήκοντας
869 472 1064 558 ἀσπασμοὺς
1092 471 1176 538 ἄκο-

154 581 249 664 δούς,
277 578 475 667 ἐπέστρεψεν
503 573 605 656 αὖθις
630 582 714 666 πρὸς
740 580 803 663 τὴν
832 576 956 666 μητέρα
982 577 1039 644 καὶ
1062 577 1177 663 λέγειν

155 683 317 771 ἐκέλευσε,
339 690 429 765 τίνος
448 684 589 771 δεομένη
608 685 777 769 πάρεστιν.
821 685 842 769 η
862 682 900 750 δέ
917 685 1051 752 πόντων
1072 684 1177 752 ἀκου-

127 795 261 859 εόντυν
285 794 408 878 ἔφησεν
426 792 531 879 ἐρεῖν,
559 792 703 870 οὐθενὸς
729 792 794 878 γὰρ
817 790 957 859 ἀνοσίου
980 793 1176 876 δεήσεσθαι,

153 900 331 985 παρεκάλει
356 896 386 965 τ’
411 899 531 983 αὐτόν,
560 897 598 965 ἐν
625 891 652 987 ᾧ
675 900 898 983 καθεζόμενος
924 899 1039 965 εἰώθει
1060 900 1175 987 χωρίῳ

119 1006 300 1084 3δικόζειν
328 1016 396 1084 τοῖς
418 1008 545 1092 όχλοις,
573 1004 610 1071 ἐν
632 1006 738 1096 τούτῳ
761 1009 908 1071 καθίσαι.
953 1003 1009 1070 καὶ
1032 1004 1241 1090 &Maio-1611

154 1135 226 1188 κιος
253 1109 403 1198 ἀσμένως
429 1114 467 1178 τὸ
495 1107 602 1196 ῥηθὲν
630 1109 762 1190 ἐδέξατο
794 1111 839 1189 ὡς
866 1111 908 1195 δη
936 1112 1112 1200 περιουσίᾳ
1138 1132 1176 1175 τε

154 1221 261 1302 πολλῇ
288 1229 355 1283 τῶν
382 1220 523 1284 δικαίων
549 1220 632 1305 πρὸς
657 1219 719 1302 την
747 1216 896 1296 ἐντευξιν
923 1215 1024 1300 αὐτῆς
1052 1219 1176 1304 χρησό

116 1346 143 1387 ιο
155 1345 254 1408 μενος
280 1322 336 1390 καὶ
364 1323 401 1390 ἐν
427 1328 518 1411 καλῷ
539 1324 740 1408 ποιούμενος
768 1335 839 1402 τοῖς
865 1326 977 1409 όχλοις
1001 1324 1063 1407 την
1090 1321 1176 1389 ἀπό-

154 1444 274 1513 κρισιν.
321 1430 432 1496 ἐλθὼν
460 1427 491 1494 δ’
519 1427 573 1495 ἐπὶ
602 1432 640 1496 τὸ
668 1431 887 1517 στρατηγικὸν
918 1434 1007 1515 βῆμα
1037 1439 1176 1516 πρῶτον

155 1532 217 1620 μὲν
244 1534 394 1604 ἐκέλευσε
421 1547 491 1614 τοῖς
517 1534 695 1623 ὑπηρέταις
720 1541 877 1603 καθελεῖν
905 1533 960 1602 ἀπ’
986 1535 1090 1603 αὐτοῦ
1112 1538 1176 1603 τὸν

156 1643 279 1728 δίφρον
301 1641 356 1708 καὶ
378 1650 492 1709 θεῖναι
513 1645 631 1728 χαμαί,
659 1643 781 1728 μητρὸς
808 1643 1015 1728 ὑψηλότερον
1038 1642 1101 1708 οὐκ
1123 1645 1176 1708 οί-

156 1748 275 1830 όμενος
302 1749 375 1814 δεῖν
401 1750 505 1814 τόπον
532 1750 636 1833 ἐχειν,
664 1744 736 1814 οὐδ’
764 1748 898 1837 ἐξουσίᾳ
924 1755 1070 1835 χρῆσθαι
1096 1747 1170 1815 κατ’

118 1877 142 1918 ιε
156 1850 283 1936 ἐκείνης
318 1853 470 1941 οὐδεμιᾷ·
508 1855 619 1920 ἔπειτα
649 1855 964 1940 παρακαθισάμενος
994 1857 1071 1933 τοὺς
1104 1853 1177 1921 ἐπι-

156 1959 382 2044 φανεστάτους
403 1969 470 2025 τῶν
492 1957 530 2026 θ’
555 1961 730 2046 ἡγεμόνων
753 1959 809 2028 καὶ
832 1967 1002 2048 λοχαγῶν,
1025 1958 1081 2027 καὶ
1105 1973 1176 2028 τῶν

156 2066 268 2131 ἄλλων
296 2064 394 2144 ἐόσας
420 2077 574 2153 παρεῖναι
597 2070 657 2135 τὸν
679 2071 902 2154 βουλόμενον,
932 2066 1081 2134 ἐκέλευσε
1110 2069 1176 2152 την

156 2171 280 2259 μητέρα
305 2171 424 2257 λέγειν.
1252 2169 1253 2242 λ

223 2277 406 2345 XXXXVI.
442 2278 509 2347 Καὶ
537 2280 558 2365 ἡ
592 2281 775 2367 Οὐετουρία
807 2279 1083 2367 παραστησαμένη
1112 2284 1176 2365 τήν
1252 2243 1253 2319 δ

117 2412 144 2451 ιο
157 2408 191 2451 τε
214 2395 356 2468 γυναῖκα
379 2395 439 2452 τοῦ
462 2389 621 2473 Μαρκίου
638 2384 694 2453 καὶ
716 2387 755 2452 τδι
777 2383 876 2453 τέκνα
898 2384 953 2452 καὶ
976 2387 1033 2466 τὰς
1055 2386 1177 2472 ἐπιφα-

155 2490 312 2569 νεστάτας
334 2502 401 2559 τῶν
424 2491 461 2557 ἐν
479 2490 585 2580 Ῥώμη
608 2503 777 2577 γυναικῶν
799 2504 932 2576 πρῶτον
957 2490 1019 2579 μὲν
1042 2495 1252 2564 ἐκλαιενιόιδ

156 2599 204 2673 είς
226 2598 287 2680 τὴν
310 2606 374 2681 γῆν
397 2599 509 2685 ὁρῶσα
530 2597 626 2686 μέχρι
648 2604 787 2684 πολλοῦ,
811 2597 867 2664 καὶ
888 2603 996 2666 πολὺν
1020 2598 1175 2683 ἐκίνησεν

157 2702 193 2765 ἐκ
224 2712 291 2766 τῶν
322 2706 497 2787 παρόντων
530 2707 632 2771 ἔλεον.
688 2702 788 2772 ἔπειτ’
821 2704 1035 2791 ἀναλαβοῦσα
1067 2705 1175 2790 αὑτὴν

121 2804 280 2882 2ἐλεξεν·
303 2809 352 2871 Ac
367 2820 531 2893 γυναῖκες,
555 2805 581 2875 ὦ
600 2810 732 2897 Μάρκιε
755 2809 886 2896 τέκνον,
907 2813 965 2890 τδς
986 2812 1100 2899 ὕβρεις
1120 2810 1175 2877 ἐν-

117 2937 143 2979 εε
156 2911 368 2995 θυμούμεναι
385 2910 441 2978 καὶ
459 2912 636 3001 τδςζόίλλας
654 2919 827 3004 συμφορὰς
845 2919 902 2997 τὰς
920 2915 1175 3004 συμβησομένας

229 3179 243 3227 1
264 3174 491 3250 κεχ<άρ>ισαιΒ
555 3183 571 3234 8
591 3177 755 3250 ἀσμέναςθ
774 3179 895 3249 ἄσμενος
911 3196 934 3234 ο.
949 3179 1101 3249 Κίεεεβπς,
1122 3179 1172 3234 sed

157 3247 192 3300 of.
212 3248 312 3315 1821
332 3248 356 3318 (I
373 3253 431 3318 137,
446 3249 473 3317 6)
560 3256 576 3304 9
595 3254 682 3322 πολλῇ
702 3250 767 3307 add.
785 3251 808 3304 Β
892 3257 925 3306 10
943 3250 1130 3322 ποιησόμενος
1148 3268 1171 3305 ο.

158 3317 349 3385 casaubonus,
368 3317 419 3372 alii
436 3318 611 3374 infinitivum
629 3323 731 3376 δοῦναι
752 3320 890 3376 excidisse
909 3326 1026 3379 censent
1097 3329 1131 3378 24
1150 3315 1171 3376 ὦ

157 3384 257 3440 τέκνον
279 3388 393 3459 Μάρκιε
418 3387 440 3442 Ο
469 3391 520 3444 ποῖ
547 3383 568 3443 ὦ
591 3395 631 3444 Μ.
656 3390 755 3446 τέκνον
782 3391 962 3448 scribendum
985 3396 1036 3448 aut
1058 3393 1171 3465 Μάρκιε
1249 3385 1250 3420 δ

159 3453 310 3511 delendum
328 3475 389 3514 esse
407 3476 431 3515 ο.
450 3459 595 3528 Kiessling
