2508 3882
528 181 694 236 -Θ-
1053 185 1117 249 283

104 344 182 418 σίως
208 328 298 406 Ιεἶναι
329 344 374 427 μή
405 341 641 428 βουλομένους.
687 342 873 429 γινομένων
901 347 964 430 γάρ
991 348 1118 412 τούτων

103 447 225 522 πολλάς
248 446 388 525 ἐλπίδας
406 443 498 534 εἶχον
517 448 609 533 ήξειν
629 448 682 515 ἐπὶ
700 453 738 516 τὸ
757 453 954 535 στρατήγιον
973 453 1119 530 ἅπαντας

103 552 373 636 ἀγανακτοῦντας
399 552 454 619 καὶ
482 559 713 640 καταβοῶντας
733 552 790 620 ’καὶ
813 558 1008 634 κελεύοντας
1030 558 1119 640 ήγεῖ-

103 665 182 723 σθαι
206 671 304 744 σφῶν
327 658 382 725 ἐπὶ
404 663 483 737 τοὺς
504 665 696 745 πολεμίους·
723 661 803 748 ὅπερ
825 660 880 726 καὶ
904 661 1037 746 συνέβη.
1074 664 1157 740 ὠςδ

102 767 163 851 γάρ
185 764 330 848 ήρξαντο
350 767 408 844 τὰς
426 765 563 854 ἐξόδους
580 776 641 832 τοῦ
659 768 801 854 χάρακος
820 767 1062 855 ἀποταφρεύειν
1084 793 1119 834 τε
1145 789 1158 829 ε

100 869 154 935 καὶ
183 870 423 958 ἀποσταυροῦν
453 874 489 938 oc
516 870 683 958 πολέμιοι,
715 875 1059 959 δυσανασχετήσαντες
1087 875 1122 940 οί

36 974 255 1061 ενοιῬωμαῖοι
280 975 335 1042 ἐπὶ
362 986 407 1065 τςό
434 980 538 1067 ἔργω,
565 976 645 1055 τέως
667 975 728 1062 μέν
750 977 819 1044 κατ’
842 980 988 1062 ὀλίγους,
1016 976 1113 1044 ἔπειτ’

99 1082 222 1169 άθρόοι
247 1082 484 1169 συντρέχοντες
507 1083 560 1149 ἐπὶ
582 1085 640 1162 τὰς
663 1085 785 1167 σκηνάς
807 1096 874 1151 τῶν
896 1085 1031 1151 ὑπάτων
1051 1083 1118 1149 ἐκε-

98 1190 266 1274 κράγεσάν
295 1188 414 1256 τεκαὶ
442 1191 628 1273 προδοσίαν
651 1191 765 1267 αὐτοῖς
787 1189 985 1275 ἐνεκάλουν,
1011 1189 1120 1256 καλεῖ

99 1297 142 1378 μή
166 1320 217 1372 τις
240 1295 400 1380 ἡγήσεται
424 1300 520 1381 σφίσι
542 1305 601 1381 τῆς
622 1295 751 1380 ἐξόδου,
775 1298 851 1382 δίχα
869 1295 1005 1364 ἐκείνων
1024 1295 1119 1362 αὐτοὶ
1134 1317 1159 1356 ιο

100 1402 138 1465 τὰ
165 1401 256 1467 ὅπλα
284 1403 416 1486 ἔχοντες
439 1400 493 1477 ἐπὶΙ
515 1406 594 1480 τοὺς
616 1406 795 1487 πολεμίους
818 1405 933 1486 ἔλεγον
956 1401 1119 1480 ἐξελεύσε-

100 1513 190 1572 σθαι.
239 1508 286 1585 ὡς
310 1505 341 1573 δ’
365 1507 398 1586 ἐξ
421 1507 578 1574 ἁπάντων
601 1507 728 1594 ἐγίνετο
751 1517 860 1591 τοῦτο,
882 1518 1035 1593 παρεῖναι
1058 1508 1157 1574 τὸν4

100 1617 242 1700 χρόνον,
270 1614 311 1680 ὃν
338 1613 552 1699 περιέμενον,
580 1616 615 1680 ολ
635 1611 811 1700 στρατηγοὶ
833 1617 1028 1698 νομίσαντες
1051 1612 1119 1678 ε’κέ-

101 1725 202 1785 λευον
230 1730 301 1796 τοῖς
323 1718 503 1806 ὑπηρέταις
525 1724 703 1802 συγκαλεῖν
726 1721 763 1785 τὸ
786 1724 914 1803 πλῆθος
936 1722 984 1797 είς
1006 1719 1118 1804 ἐκκλη-

102 1829 189 1890 σίαν·
214 1824 272 1891 καὶ
295 1828 475 1911 προελθὼν
499 1827 627 1911 Φάβιος
648 1826 760 1892 τοιάδε
783 1822 867 1892 εἶπε·
1132 1845 1157 1885 1⁵

166 1930 280 1996 VIIII.
313 1933 460 2015 Βραδεῖα
489 1928 550 2016 μέν
577 1931 598 2014 ή
627 1930 845 2017 ἀγανάκτησις
871 1932 966 2016 ὑμῶν
993 1936 1118 2014 γίνεται

102 2032 255 2123 περδῶν
283 2039 461 2123 ὑβρίζεσθε
490 2039 555 2104 ὑπὸ
579 2049 646 2103 τῶν
669 2042 852 2122 πολεμίων,
879 2038 999 2123 ἄνδρες
1022 2054 1114 2119 στρα-

103 2146 220 2208 τιῶταί
245 2167 282 2208 τε
308 2143 365 2209 καὶ
392 2145 563 2228 ήγεμόνες·
596 2141 653 2208 καί
681 2145 718 2208 τὸ
744 2144 951 2227 βουλόμενον
980 2140 1118 2207 ἑκάστου

102 2261 222 2335 χωρεῖν
247 2249 350 2334 ὁμόσε
372 2261 442 2326 τοῖς
460 2248 624 2325 ἐναντίοις
642 2251 728 2314 πολὺ
746 2257 806 2312 τοῦ
825 2245 960 2322 δέοντος
977 2246 1118 2329 ὕστερον

102 2335 309 2439 βαινόμενον
341 2355 453 2439 άωρόν
485 2353 563 2420 ἐστι.
614 2356 813 2438 παλαίτερον
845 2351 907 2436 γάρ
940 2353 986 2417 ἐτι
1018 2350 1114 2417 τοῦδ’
1132 2373 1158 2412 ω

103 2461 187 2545 ὑμᾶς
216 2463 286 2526 ἔδει
312 2459 485 2546 πράττειν,
513 2460 567 2526 ὅτε
593 2471 726 2546 πρῶτον
754 2457 873 2534 αὐτοὺς
896 2458 998 2523 είδετε
1021 2481 1118 2523 κατα-

104 2571 282 2651 βαίνοντας
309 2565 345 2631 ἐκ
372 2575 440 2632 τῶν
463 2565 636 2650 ἐρυμάτων
659 2562 714 2629 καὶ
737 2565 842 2649 μάχης
864 2564 977 2647 άρχειν
1000 2567 1118 2648 βουλο-

105 2671 243 2760 μένους.Ι
281 2673 355 2737 τότε
382 2672 446 2755 γὰρ
471 2672 579 2753 δήπου
602 2673 701 2747 καλὸς
723 2670 742 2736 ὁ
764 2668 839 2757 περὶ
861 2679 920 2754 τῆς
941 2670 1119 2755 ἡγεμονίας

44 2773 146 2861 ’Ποεήν
169 2777 262 2861 ἀγὼν
285 2775 341 2842 καὶ
363 2785 423 2842 τοῦ
441 2774 610 2860 Ῥωμαίων
631 2777 842 2862 φρονήματος
864 2774 964 2854 άξιος.
1001 2787 1065 2843 νῦν
1085 2772 1116 2842 δ’

62 2929 65 2937 ,
106 2883 284 2967 ἀναγκαῖος
302 2884 366 2966 ήδη
385 2886 523 2966 γίνεται,
542 2879 598 2946 καὶ
616 2879 705 2964 οὐδ’,
724 2880 766 2946 άν
784 2884 821 2948 τὸ
840 2883 1015 2968 κράτιστον
1034 2884 1119 2969 λάβη
1132 2903 1158 2943 τι

104 2988 212 3071 τέλος,
246 2989 369 3073 ὁμοίως
401 2992 510 3065 καλός.
559 2983 598 3053 εὖ
630 2983 668 3054 δέ
699 2987 754 3052 καὶ
785 2998 850 3054 νῦν
881 3001 1005 3056 ποιεῖτε
1032 2991 1154 3074 δμως2

105 3094 411 3180 ἐπανορθώσασθαι
447 3094 508 3177 τήν
540 3096 729 3180 βραδυτῆτα
760 3097 959 3180 βουλόμενοι
992 3094 1046 3160 καὶ
1078 3097 1119 3160 τὰ

173 3365 188 3413 ’λ
210 3356 321 3413 ἔπειτα.
341 3357 364 3410 Β
437 3364 470 3410 16
489 3357 641 3426 παρελθὼν
660 3355 680 3410 O
700 3357 729 3410 οῖ
746 3354 876 3410 Hertlein
896 3356 1011 3413 Hermes
1025 3358 1051 3412 X
1065 3365 1119 3415 414

9 3475 10 3496 ,
108 3435 139 3484 18
156 3449 185 3484 τε
204 3429 270 3483 add.
290 3431 312 3483 Β
386 3433 420 3490 20
439 3429 609 3496 παλαίτερον
627 3426 681 3496 γὰρ
701 3443 755 3484 om.
776 3429 822 3482 Ba
