2508 3882
493 208 660 260 ,Θ-

79 369 171 444 δενὸς
191 365 304 452 χείρον’
326 371 562 452 στρατηγήσας,
585 366 739 454 άφηρέθη
759 371 818 434 τὸν
837 369 874 434 ἐκ
891 381 959 436 τῶν
977 373 1084 456 ἔργων

78 475 209 538 ἔπαινον
234 470 312 559 παρ’
339 469 441 539 οὐδέν
465 471 638 559 ἁμάρτημα
661 475 766 558 ίδιον,
795 471 866 540 ἀλλ’
892 475 1002 542 ὅτιτὸ
1026 479 1084 561 δη-

79 581 207 660 μοτικὸν
231 579 292 645 οὐκ
314 575 381 665 εἶχε
404 578 641 664 κεχαρισμένον
663 580 770 668 αὐτῷ,
797 579 830 658 ἐξ
855 576 896 646 οὗ
919 582 978 646 τὸν
1001 582 1083 648 ύπα-

79 707 132 748 τον
146 685 293 750 Κάσσιον
312 684 366 752 ἐπί
384 695 423 770 τῇ
442 683 617 772 τυραννίδι
630 690 871 772 προσαγγείλας
885 685 1083 754 ἀπέκτεινεν.
1098 689 1119 751 2

79 790 229 875 οὔτεγὰρ
248 791 311 856 ὅσα
330 789 400 856 δέοι
419 794 483 856 σὺν
500 792 590 877 τάχει
609 803 779 880 στρατηγῷ
797 793 989 858 κελεύσαντι
1006 796 1084 870 τοὺς
1111 811 1124 852 ⁶

78 896 237 979 ὑπηκόους
259 902 465 982 πειθαρχεῖν,
488 893 566 962 οὔθ’
588 897 650 962 ὅσα
672 907 718 986 τρὶ
742 898 906 985 προθύμῳ
929 896 984 962 καί
1007 895 1084 983 πρέ-

79 1023 167 1066 ποντι
185 1000 412 1089 χρησαμένους
429 1006 486 1090 βίηι
504 1014 689 1089 κατασχεῖν,
710 1001 786 1069 οὔθ’
807 1003 868 1069 ὅσα
888 1003 998 1088 λάθρα
1015 1015 1084 1069 τῶν

80 1107 314 1192 ἀντιπολεμίων
336 1112 440 1192 χωρία
463 1110 510 1186 είς
532 1109 725 1186 πλεονεξίαν
748 1109 869 1175 εὔθετα
892 1113 1084 1196 σφετερίσα-
1160 1123 1171 1150 ”

81 1220 169 1298 σθαι,
196 1213 266 1280 οὔτ’
294 1217 375 1280 άλλο
402 1216 557 1301 πράττειν
584 1212 685 1281 οὐδέν
708 1214 832 1300 ἕτοιμοι
855 1210 957 1300 ἦσαν,
984 1215 1017 1294 ἐξ
1042 1212 1083 1282 οὗ

80 1323 170 1404 τιμήν
192 1344 268 1386 τινα
291 1322 309 1387 ὁ
332 1325 513 1406 στρατηγὸς
534 1319 590 1388 καλ
613 1319 715 1400 δόξαν
738 1321 871 1405 ἀγαθὴν
896 1320 1083 1400 ἐξοίσεσθαι
1100 1341 1124 1381 10

80 1428 194 1508 ἔμελλε.
226 1423 282 1492 καί
300 1420 402 1492 τᾶλλα
421 1423 482 1510 μὲν
500 1427 622 1509 αὐτῶν,
645 1427 706 1492 ὅσα
725 1427 915 1512 ὑβρίζοντες
932 1429 991 1492 τὸν
1009 1427 1084 1511 ἡγε-

79 1535 158 1614 μόνα
188 1530 374 1615 διετέλουν,
403 1531 519 1621 ἐκείνω
544 1529 581 1598 θ’
608 1527 708 1616 ἧττον
736 1533 866 1616 λυπηρά
892 1529 935 1616 ἦν
962 1531 1017 1597 καί
1043 1542 1084 1618 τῇ

16 1641 166 1703 ιιιοιιόλει
183 1638 310 1722 βλάβης
329 1639 369 1704 οὐ
388 1638 530 1722 μεγάλης
548 1636 634 1722 ἄξια,
657 1638 675 1704 ὃ
696 1633 733 1703 δὲ
751 1643 965 1716 τελευτῶντες
983 1636 1084 1723 ἐξειρ-

79 1744 215 1825 γάσαντο
238 1746 400 1810 κίνδυνον
419 1745 460 1811 ού
478 1747 596 1828 μικρὸν
615 1747 732 1829 ἤνεγκε
752 1743 807 1809 καὶ
824 1743 952 1826 πολλὴν
970 1745 1083 1831 αίσχύ-

79 1873 136 1934 νην
158 1849 292 1935 άμφοίν.
328 1849 509 1934 γενομένης
530 1851 592 1936 γάρ
616 1848 825 1934 παρατάξεως
842 1848 880 1916 έν
897 1859 942 1938 τῷ
962 1850 1083 1935 μεταξὺ
1097 1833 1124 1944 135

79 1967 139 2021 τῶν
157 1959 283 2040 λόφων,
302 1953 354 2040 ἐφ’
373 1948 424 2032 οἷς
442 1950 527 2039 ἦσαν
545 1955 877 2042 ἐστρατοπεδευκότες
890 1955 1083 2042 ἀμφότεροι,

79 2062 159 2148 πύση
182 2071 221 2146 τῇ
244 2058 321 2145 παρ’
340 2058 503 2146 ἑκατέρων
527 2062 678 2146 δυνάμει,
700 2063 807 2128 πολλὰ
827 2060 883 2126 καὶ
901 2062 984 2126 καλά
1003 2063 1083 2143 έργα

79 2166 325 2250 ἀποδειξάμενοι
348 2164 403 2232 καί
426 2170 504 2244 τοὺς
525 2171 704 2251 πολεμίους
726 2166 971 2249 ἀναγκάσαντες
988 2163 1084 2250 άρξαι

78 2258 190 2358 φυγῆς,
209 2269 280 2339 οὔτ’
297 2273 533 2358 ἠκολούθησαν
552 2273 686 2339 ἀπιοῦσι
704 2281 764 2337 τοῦ
778 2280 963 2356 στρατηγοῦ
977 2271 1084 2337 πολλὰ

79 2378 319 2457 ἐπικελεύοντος
351 2381 427 2444 οὔτε
456 2383 715 2463 παραμείναντες
742 2376 996 2462 ἐκπολιορκῆσαι
1023 2379 1082 2443 τὸν
1097 2397 1123 2435 20

78 2487 197 2571 χάρακα
223 2484 410 2570 ἠθέλησαν,
438 2481 509 2550 ἀλλ’
537 2484 690 2560 ἐάσαντες
717 2480 828 2560 ἀτελές
855 2485 954 2569 ἔργον
979 2483 1082 2548 καλὸν

78 2588 220 2677 ἐπῄεσαν
238 2594 285 2668 είς
304 2592 364 2674 τὴν
383 2591 492 2656 αὐτῶν
506 2591 770 2675 στρατοπεδείαν.
803 2588 1081 2673 ἐπιχειρησάντων
1096 2593 1117 2654 4

79 2695 105 2760 δ’
129 2697 364 2782 αὐτοκράτορα·
383 2699 442 2763 τὸν
469 2696 595 2762 ύπατον
622 2694 847 2781 ἀναγορεῦσαί
870 2719 971 2761 τινων
999 2693 1082 2780 μέγα

144 2893 158 2940 1
179 2883 211 2942 έιι
229 2897 285 2944 τῶν
304 2905 357 2944 om.
377 2888 399 2941 Β
490 2895 506 2942 δ
525 2889 576 2942 οίιιι
596 2885 652 2957 εἶχε
671 2885 872 2956 κεχαρισμένον
891 2888 965 2959 αύτῷ
985 2888 1004 2940 C
1031 2889 1082 2942 ούκ

80 2957 129 3028 εἶχε
152 2957 239 3028 μένον
261 2959 287 3026 Β
314 2961 365 3014 οίικ
390 2957 464 3030 εἶχεν
488 2957 589 3013 εύνονν
613 2975 636 3011 ο.
656 2956 781 3011 Sintenis
804 2957 863 3011 Em.
884 2959 965 3012 Dion.
988 2958 1029 3010 111
1047 2963 1081 3011 26

79 3036 93 3082 4
108 3031 310 3099 προσαγγείλας
330 3033 352 3083 Α
372 3029 544 3100 εἰσαγγείλας
562 3028 583 3083 0
602 3031 699 3098 κρίνας
717 3028 741 3082 Β
849 3036 864 3082 6
887 3035 925 3083 τῶ
943 3047 964 3082 π
982 3028 1082 3096 οθύμω

80 3095 273 3169 ἐπιτρέποντας
290 3099 339 3154 καί
362 3111 386 3154 οξ
404 3099 548 3170 Kiessling
567 3103 571 3169 Ι
593 3095 623 3153 ἐν
641 3097 778 3168 πρέποντι
796 3115 819 3154 ο.
838 3083 941 3152 Reiske
965 3047 996 3152 ἐν
1015 3080 1082 3185 χτρέ-

79 3191 154 3294 ἐπ’
170 3175 306 3296 ”“ἑ”όιὲε
316 3170 424 3294 Kaygelr
438 3170 677 3306 Afflffl
691 3175 785 3294 ἷξεῗλῗ
803 3240 828 3291 A
843 3169 1081 3307 ιῖέῖίῖἷλὶἵωέ

80 3319 107 3366 12
115 3259 175 3368 θέλῃ
174 3284 258 3378 ἦττον
278 3311 301 3366 Ο
320 3328 390 3366 corr.
405 3261 507 3365 Rgiske
549 3284 555 3296 ⁸
582 3317 613 3365 13
633 3309 736 3376 ἄξιοιΟ
755 3313 832 3363 αἴτια
850 3259 994 3377 ΚίοεεΙίγορ
1011 3307 1080 3360 duce

80 3382 221 3453 Sylburgio
291 3388 330 3436 -14
348 3384 484 3436 κίνδυνον
504 3424 509 3434 .
527 3426 532 3436 .
551 3383 584 3436 ού
603 3381 625 3434 Β
645 3400 669 3434 κ.
689 3399 718 3434 τε
737 3381 771 3434 ού
790 3397 813 3433 ο.
833 3377 975 3447 Kiessling
1046 3383 1080 3432 22

81 3456 164 3508 αὐτῶν
184 3454 206 3507 Β
227 3458 232 3521 Ι
253 3448 479 3523 ἐπιχειρήσαντες
497 3450 548 3504 Ac
620 3457 654 3504 2³
673 3451 722 3503 τὸν
740 3449 849 3504 δίκαιον
867 3465 921 3502 om.
943 3447 992 3503 AG

869 3537 921 3590 18*
