2538 3884
1227 25 1229 102 ί

545 205 712 258 -Θ-
1070 206 1136 270 373

121 386 234 448 ναμις,
262 357 347 448 ήγον
370 362 423 429 ἐπὶ
446 368 525 442 τοὺς
547 369 734 450 πολεμίους.
781 367 816 433 οί
837 363 875 432 δέ
898 367 1138 452 διαρπάσαντες

119 467 176 534 καὶ
205 471 468 548 κατακαύσαντες
497 473 534 537 τὸ
561 473 726 558 ῳρούριον
754 469 903 559 ἀπῄεσαν
932 474 985 538 διά
1011 473 1138 560 τάχους.

118 577 195 641 τότε
217 571 279 660 μὲν
302 570 364 642 οὐν
388 577 424 642 οί
442 577 562 642 ὐπατοι
585 575 762 662 σβέσαντες
779 580 821 644 τά
840 582 887 644 ἐτι
905 583 1065 665 καιόμενα
1083 579 1138 646 καὶ
1157 575 1178 640 3

118 690 180 746 τοῦ
199 684 324 767 χωρίου
342 684 496 769 φυλακήν
513 688 748 761 καταλιπόντες
765 681 915 771 ἀπῄεσαν
935 687 982 764 είς
1000 687 1061 771 τήν
1079 690 1138 753 πό-

118 792 189 853 λιν·
214 788 341 872 ὀλίγαις
364 787 396 854 δ’
412 789 554 875 ὕστερον
576 788 713 878 ἡμέραις
734 791 792 868 τάς
814 789 841 857 τ’
861 793 983 870 οίκείας
1006 794 1137 878 ἔχοντες
1164 817 1178 858 5

118 893 279 978 δυνάμεις
301 893 356 960 καὶ
379 896 437 972 τάς
459 897 549 983 παρά
571 907 639 961 τῶν
663 897 845 982 συμμάχων
869 895 1007 987 ἐξῄεσαν
1030 896 1137 983 άμῳό-
1196 950 1199 958 ,

117 1021 227 1086 τεροι,
254 1001 451 1089 Οὐεργίνιος
473 998 534 1087 μὲν
558 1000 612 1069 ἐπὶ
635 1004 697 1088 τήν
720 1004 890 1087 Αἰκανῶν,
912 1006 1078 1088 Νομίκιος
1101 1001 1132 1069 δ’

117 1103 175 1171 ἐπὶ
211 1108 272 1191 τήν
306 1107 544 1175 Οὐολούσκων
581 1107 637 1176 καὶ
674 1109 788 1187 αὐτοῖς
823 1108 1024 1196 ἀμφοτέροις
1054 1111 1138 1176 κατά

116 1214 258 1297 γνώμην
280 1215 320 1279 τὰ
342 1223 404 1281 τοῦ
425 1213 573 1300 πολέμου
598 1215 773 1303 ἐχώρησεν.
812 1217 999 1305 Οὐεργινίῳ
1020 1240 1056 1282 τε
1074 1218 1137 1302 γάρ
1156 1217 1179 1280 4

116 1318 264 1385 Αίκανοὶ
288 1322 425 1407 δῃοῦντι
448 1324 509 1407 τήν
531 1323 643 1408 χώραν
667 1322 777 1389 αὐτῶν
801 1322 862 1389 οὐκ
886 1321 1069 1406 ἐτόλμησαν
1092 1323 1139 1400 είς
1153 1347 1179 1387 ιο

117 1435 234 1512 χείρας
257 1425 382 1512 ἐλθεῖν,
406 1426 490 1494 ἀλλὰ
513 1427 568 1495 καὶ
590 1431 693 1514 λόχον
715 1430 790 1494 τινά
812 1429 1078 1506 ὑποκαθίσαντες
1101 1427 1137 1493 ἐν

116 1531 217 1610 ὕλαις
249 1532 429 1600 ἐπιλέκτων
460 1533 613 1620 ἀνδρῶν,
649 1539 685 1600 οδ
714 1536 854 1620 ἔμελλον
886 1532 1139 1619 ἐσκεδασμένοις

117 1638 345 1724 ἐπιθήσεσθαι
375 1651 447 1718 τοῖς
476 1644 663 1725 πολεμίοις,
701 1641 884 1726 διήμαρτον
915 1649 972 1726 τής
999 1639 1138 1734 Ιἐλπίδος

118 1748 252 1831 ταχείας
274 1745 456 1831 γενομένης
477 1757 548 1825 τοίς
561 1745 733 1832 Ῥωμαίοις
751 1749 940 1831 αἰσθήσεως
956 1745 1014 1812 καλ
1032 1746 1137 1831 μάχης

57 1859 297 1938 ιεοεκαρτερᾶς,
330 1851 363 1931 ἐξ
394 1848 433 1936 ἧς
461 1856 608 1931 πολλοὺς
637 1863 704 1919 τῶν
735 1851 904 1940 σφετέρων
934 1854 970 1918 οί
997 1851 1138 1919 Αίκανοὶ
1153 1875 1178 1917 ιι

118 1956 302 2042 ἀπέβαλον·
326 1957 402 2025 ὥστ’
430 1957 504 2025 οὐδ’
532 1961 580 2038 είς
601 1970 721 2046 πεῖραν
745 1957 856 2046 ἑτέρας
879 1960 984 2045 μάχης
1007 1957 1052 2024 ἔτ’
1079 1961 1138 2045 ήρ-

118 2087 230 2149 χοντο.
276 2069 430 2156 Νομικίῳ
453 2063 481 2132 τ’
504 2067 620 2151 ἀγοντι
643 2067 705 2150 τήν
728 2067 885 2152 στρατιάν
908 2063 962 2130 ἐπὶ
984 2065 1045 2149 τήν
1064 2063 1137 2130 Ἀν-
1156 2063 1177 2129 5

118 2181 242 2236 τιατῶν
268 2174 383 2257 πόλιν,
410 2172 431 2256 ή
459 2171 496 2238 ἐν
524 2181 594 2249 ταῖς
621 2173 766 2258 πρώταις
791 2174 866 2237 τότε
894 2181 961 2237 τῶν
988 2171 1138 2237 Οὐολού-

119 2293 212 2343 σκων
238 2280 376 2344 πόλεσιν
402 2273 461 2363 ἦν,
489 2277 629 2362 οὐδεμία
656 2279 848 2362 ἠναντιώθη
878 2277 1034 2361 δύναμις,
1061 2274 1134 2342 ἀλλ’

119 2377 184 2449 ἀπὸ
213 2394 281 2449 τῶν
307 2394 425 2470 τειχῶν
453 2383 677 2468 ἀναγκάζοντο
701 2383 832 2449 ἕκαστοι
856 2382 1053 2467 ἀμύνεσθαι.
1099 2381 1136 2448 ἐν
1151 2407 1177 2447 εο

121 2487 158 2556 δέ
182 2491 291 2579 τούτῳ
313 2492 334 2574 ή
353 2514 387 2556 τε
406 2499 448 2575 γη
467 2491 577 2557 αὐτῶν
595 2490 616 2574 η
635 2491 741 2575 πολλή
761 2488 900 2574 ἐτμήθη,
922 2486 978 2554 καὶ
995 2491 1136 2575 πολίχνη

120 2621 170 2675 τις
199 2595 431 2674 ἐπιθαλάττιος
457 2594 542 2662 ἑάλω
549 2647 559 2681 ,
587 2589 608 2682 ᾖ
637 2595 769 2684 ἐπινείῳ
797 2618 831 2660 τε
859 2592 914 2660 καὶ
942 2593 1048 2682 ἀγορᾷ
1070 2605 1137 2660 τῶν

122 2704 169 2781 είς
192 2705 252 2770 τὸν
276 2705 352 2786 βίον
376 2702 567 2787 ἀναγκαίων
590 2701 752 2789 ἐχρῶντο,
775 2701 812 2767 ἐκ
833 2702 1002 2785 θαλάττης
1023 2723 1058 2766 τε
1080 2699 1136 2767 καὶ

123 2811 178 2875 διδ
201 2812 390 2896 ληστηρίων
413 2810 471 2887 τάς
492 2810 618 2900 πολλδς
641 2808 840 2893 ἐπαγόμενοι
864 2808 1034 2893 ὠφελείας.
1080 2806 1137 2872 ἀν-

123 2916 274 3001 δράποδα
296 2912 358 3001 μὲν
382 2911 444 2982 οὐν
462 2913 518 2981 καὶ
535 2918 685 3002 χρήματα
702 2913 758 2980 καὶ
776 2916 968 2999 βοσκήματα
986 2911 1042 2980 καὶ
1059 2915 1137 2991 τούς
1150 2937 1176 2978 ει

123 3019 321 3109 ἐμπορικοὺς
343 3025 489 3109 φόρτους
510 3021 531 3104 ἡ
551 3022 687 3108 στρατιὰ
706 3022 913 3108 συγχωρήσει
931 3027 990 3086 τοῦ
1007 3019 1136 3084 ὑπάτου

194 3256 208 3303 1
233 3242 346 3324 ἦγ<ον>
364 3249 388 3303 Β
483 3255 498 3303 7
523 3245 570 3304 ἐπὶ
587 3248 639 3318 τήν
657 3246 787 3303 Αἰκανῶν
806 3247 944 3318 Νομίκιος
962 3244 994 3300 δέ
1015 3261 1070 3300 om.
1088 3245 1137 3297 Βω

126 3325 156 3374 16
175 3318 216 3375 ἔτι
234 3319 258 3374 Β
328 3327 361 3377 18
380 3319 415 3446 δή)
430 3322 496 3390 post
514 3319 596 3375 πόλιν
614 3320 717 3374 lacuna
736 3320 871 3388 quattuor
889 3317 947 3371 fere
965 3315 1135 3398 ljtterarum,

125 3387 141 3456 ἢ
159 3393 188 3446 et
206 3393 268 3446 τότε
288 3391 352 3446 εδδ.
367 3391 390 3445 Β
505 3397 540 3445 20
560 3389 682 3462 ἔκαστοι]
703 3384 813 3444 ἐκεῖνον
831 3405 854 3444 ο.
869 3387 1000 3442 Hertlem
1018 3385 1136 3440 Hermes

125 3459 217 3518 1418
291 3469 325 3518 22
345 3457 416 3518 ἕάλω
435 3479 489 3519 om.
508 3461 590 3516 ABG
609 3461 673 3517 add.
692 3459 767 3529 (ἕως
