<?xml version="1.0" encoding="UTF-8"?>
<!DOCTYPE html PUBLIC "-//W3C//DTD XHTML 1.0 Transitional//EN"
    "http://www.w3.org/TR/xhtml1/DTD/xhtml1-transitional.dtd">
<html xmlns="http://www.w3.org/1999/xhtml" xml:lang="en" lang="en">
 <head>
  <title>
</title>
<meta http-equiv="Content-Type" content="text/html;charset=utf-8" />
  <meta name='ocr-system' content='tesseract 3.04.00' />
  <meta name='ocr-capabilities' content='ocr_page ocr_carea ocr_par ocr_line ocrx_word'/>
</head>
<body>
  <div class='ocr_page' id='page_1' title='image "./antiquitatumrom02jacogoog_0233.png"; bbox 0 0 2508 3882; ppageno 0'>
   <div class='ocr_carea' id='block_1_1' title="bbox 141 198 1235 320">
    <p class='ocr_par' dir='ltr' id='par_1_1' title="bbox 141 198 1235 320">
     <span class='ocr_line' id='line_1_1' title="bbox 141 198 1235 320; baseline -0.002 -56"><span class='ocrx_word' id='word_1_1' title='bbox 141 199 206 264; x_wconf 72' lang='grc' dir='ltr'><strong><em>τοι</em></strong></span> <span class='ocrx_word' id='word_1_2' title='bbox 564 198 731 248; x_wconf 78' lang='lat'>—11-</span> <span class='ocrx_word' id='word_1_3' title='bbox 1234 258 1235 320; x_wconf 38' lang='grc' dir='ltr'><strong><em>ῃ</em></strong></span> 
     </span>
    </p>
   </div>
   <div class='ocr_carea' id='block_1_2' title="bbox 103 355 1240 3202">
    <p class='ocr_par' dir='ltr' id='par_1_2' title="bbox 103 355 1239 1824">
     <span class='ocr_line' id='line_1_2' title="bbox 140 355 1141 444; baseline -0.002 -18"><span class='ocrx_word' id='word_1_4' title='bbox 140 360 220 444; x_wconf 80' lang='grc' dir='ltr'><strong><em>μετὰ</em></strong></span> <span class='ocrx_word' id='word_1_5' title='bbox 256 359 317 443; x_wconf 79' lang='grc' dir='ltr'><strong><em>την</em></strong></span> <span class='ocrx_word' id='word_1_6' title='bbox 348 361 506 444; x_wconf 79' lang='grc' dir='ltr'><strong><em>τελευτὴν</em></strong></span> <span class='ocrx_word' id='word_1_7' title='bbox 540 355 768 442; x_wconf 76' lang='grc' dir='ltr'><em>ἀποδιδομένη</em></span> <span class='ocrx_word' id='word_1_8' title='bbox 800 357 950 443; x_wconf 85' lang='grc' dir='ltr'><strong><em>καθάπερ</em></strong></span> <span class='ocrx_word' id='word_1_9' title='bbox 982 358 1065 434; x_wconf 85' lang='grc' dir='ltr'><strong><em>εἰκὸς</em></strong></span> <span class='ocrx_word' id='word_1_10' title='bbox 1093 358 1141 424; x_wconf 83' lang='grc' dir='ltr'><strong><em>εύ-</em></strong></span> 
     </span>
     <span class='ocr_line' id='line_1_3' title="bbox 104 461 1143 550; baseline -0.006 -16"><span class='ocrx_word' id='word_1_11' title='bbox 104 470 254 534; x_wconf 87' lang='grc' dir='ltr'><strong><em>4κλειαν</em></strong></span> <span class='ocrx_word' id='word_1_12' title='bbox 276 464 448 531; x_wconf 78' lang='grc' dir='ltr'><strong><em>ἀθάνατον</em></strong></span> <span class='ocrx_word' id='word_1_13' title='bbox 472 471 566 532; x_wconf 86' lang='grc' dir='ltr'><strong><em>οίσει.</em></strong></span> <span class='ocrx_word' id='word_1_14' title='bbox 613 461 668 530; x_wconf 81' lang='grc' dir='ltr'><strong><em>καὶ</em></strong></span> <span class='ocrx_word' id='word_1_15' title='bbox 692 469 726 530; x_wconf 85' lang='grc' dir='ltr'><strong><em>εί</em></strong></span> <span class='ocrx_word' id='word_1_16' title='bbox 743 487 794 541; x_wconf 90' lang='grc' dir='ltr'><strong><em>τις</em></strong></span> <span class='ocrx_word' id='word_1_17' title='bbox 816 464 881 550; x_wconf 74' lang='grc' dir='ltr'><strong><em>ἄρα</em></strong></span> <span class='ocrx_word' id='word_1_18' title='bbox 905 464 963 540; x_wconf 82' lang='grc' dir='ltr'><strong><em>τὰς</em></strong></span> <span class='ocrx_word' id='word_1_19' title='bbox 984 463 1143 549; x_wconf 75' lang='grc' dir='ltr'><strong><em>ἀνθρακί-</em></strong></span> 
     </span>
     <span class='ocr_line' id='line_1_4' title="bbox 139 568 1236 657; baseline 0 -21"><span class='ocrx_word' id='word_1_20' title='bbox 139 595 220 648; x_wconf 90' lang='grc' dir='ltr'><strong><em>υους</em></strong></span> <span class='ocrx_word' id='word_1_21' title='bbox 245 572 355 657; x_wconf 79' lang='grc' dir='ltr'><strong><em>ψυχὰς</em></strong></span> <span class='ocrx_word' id='word_1_22' title='bbox 377 571 602 648; x_wconf 78' lang='grc' dir='ltr'><strong><em>ἀπολυθείσας</em></strong></span> <span class='ocrx_word' id='word_1_23' title='bbox 631 579 692 638; x_wconf 83' lang='grc' dir='ltr'><strong><em>τοῦ</em></strong></span> <span class='ocrx_word' id='word_1_24' title='bbox 715 571 866 656; x_wconf 83' lang='grc' dir='ltr'><strong><em>σώματος</em></strong></span> <span class='ocrx_word' id='word_1_25' title='bbox 887 568 1077 648; x_wconf 64' lang='grc' dir='ltr'><strong><em>ὑποδέξεται</em></strong></span> <span class='ocrx_word' id='word_1_26' title='bbox 1097 573 1144 636; x_wconf 90' lang='grc' dir='ltr'><strong><em>ιό-</em></strong></span> <span class='ocrx_word' id='word_1_27' title='bbox 1235 592 1236 650; x_wconf 70' lang='grc' dir='ltr'><strong><em>ι</em></strong></span> 
     </span>
     <span class='ocr_line' id='line_1_5' title="bbox 140 674 1146 764; baseline -0.003 -21"><span class='ocrx_word' id='word_1_28' title='bbox 140 699 216 762; x_wconf 90' lang='grc' dir='ltr'><strong><em>πος,</em></strong></span> <span class='ocrx_word' id='word_1_29' title='bbox 243 678 304 764; x_wconf 81' lang='grc' dir='ltr'><strong><em>ούχ</em></strong></span> <span class='ocrx_word' id='word_1_30' title='bbox 333 678 351 745; x_wconf 88' lang='grc' dir='ltr'><strong><em>δ</em></strong></span> <span class='ocrx_word' id='word_1_31' title='bbox 378 681 600 764; x_wconf 74' lang='grc' dir='ltr'><strong><em>καταχθόνιος</em></strong></span> <span class='ocrx_word' id='word_1_32' title='bbox 627 675 683 744; x_wconf 82' lang='grc' dir='ltr'><strong><em>καί</em></strong></span> <span class='ocrx_word' id='word_1_33' title='bbox 711 675 860 762; x_wconf 76' lang='grc' dir='ltr'><strong><em>ἀφεγγὴς</em></strong></span> <span class='ocrx_word' id='word_1_34' title='bbox 880 674 1071 755; x_wconf 80' lang='grc' dir='ltr'><strong><em>ὑποδέξεται</em></strong></span> <span class='ocrx_word' id='word_1_35' title='bbox 1090 677 1146 759; x_wconf 80' lang='grc' dir='ltr'><strong><em>τὴν</em></strong></span> 
     </span>
     <span class='ocr_line' id='line_1_6' title="bbox 115 777 1145 873; baseline -0.003 -24"><span class='ocrx_word' id='word_1_36' title='bbox 115 782 241 868; x_wconf 84' lang='grc' dir='ltr'><strong><em>εέμήν,</em></strong></span> <span class='ocrx_word' id='word_1_37' title='bbox 270 787 308 850; x_wconf 80' lang='grc' dir='ltr'><strong><em>ἐν</em></strong></span> <span class='ocrx_word' id='word_1_38' title='bbox 335 777 361 873; x_wconf 73' lang='grc' dir='ltr'><em>ᾧ</em></span> <span class='ocrx_word' id='word_1_39' title='bbox 385 801 467 869; x_wconf 84' lang='grc' dir='ltr'><strong><em>φασι</em></strong></span> <span class='ocrx_word' id='word_1_40' title='bbox 494 787 573 861; x_wconf 85' lang='grc' dir='ltr'><strong><em>τοὺς</em></strong></span> <span class='ocrx_word' id='word_1_41' title='bbox 598 785 843 868; x_wconf 71' lang='grc' dir='ltr'><strong><em>κακοδαίμονας</em></strong></span> <span class='ocrx_word' id='word_1_42' title='bbox 866 784 987 866; x_wconf 85' lang='grc' dir='ltr'><strong><em>οίκείν,</em></strong></span> <span class='ocrx_word' id='word_1_43' title='bbox 1016 778 1093 848; x_wconf 69' lang='grc' dir='ltr'><strong><em>οὐδὲ</em></strong></span> <span class='ocrx_word' id='word_1_44' title='bbox 1112 784 1145 846; x_wconf 83' lang='grc' dir='ltr'><strong><em>τὸ</em></strong></span> 
     </span>
     <span class='ocr_line' id='line_1_7' title="bbox 142 885 1237 975; baseline -0.005 -19"><span class='ocrx_word' id='word_1_45' title='bbox 142 892 322 974; x_wconf 81' lang='grc' dir='ltr'><strong><em>λεγόμενον</em></strong></span> <span class='ocrx_word' id='word_1_46' title='bbox 345 897 403 974; x_wconf 80' lang='grc' dir='ltr'><strong><em>της</em></strong></span> <span class='ocrx_word' id='word_1_47' title='bbox 420 893 540 975; x_wconf 85' lang='grc' dir='ltr'><strong><em>Ληθης</em></strong></span> <span class='ocrx_word' id='word_1_48' title='bbox 563 890 692 974; x_wconf 77' lang='grc' dir='ltr'><strong><em>πεδίον,</em></strong></span> <span class='ocrx_word' id='word_1_49' title='bbox 714 885 787 954; x_wconf 81' lang='grc' dir='ltr'><strong><em>ἀλλ’</em></strong></span> <span class='ocrx_word' id='word_1_50' title='bbox 811 885 1011 973; x_wconf 81' lang='grc' dir='ltr'><strong><em>ὁμετέαρος</em></strong></span> <span class='ocrx_word' id='word_1_51' title='bbox 1028 885 1081 954; x_wconf 82' lang='grc' dir='ltr'><strong><em>καὶ</em></strong></span> <span class='ocrx_word' id='word_1_52' title='bbox 1097 911 1146 952; x_wconf 86' lang='grc' dir='ltr'><strong><em>κα-</em></strong></span> <span class='ocrx_word' id='word_1_53' title='bbox 1236 926 1237 968; x_wconf 60' lang='grc' dir='ltr'><strong><em>η</em></strong></span> 
     </span>
     <span class='ocr_line' id='line_1_8' title="bbox 141 988 1148 1083; baseline -0.002 -22"><span class='ocrx_word' id='word_1_54' title='bbox 141 998 248 1082; x_wconf 89' lang='grc' dir='ltr'><strong><em>θαρὸς</em></strong></span> <span class='ocrx_word' id='word_1_55' title='bbox 270 997 386 1082; x_wconf 82' lang='grc' dir='ltr'><strong><em>αίθηρ,</em></strong></span> <span class='ocrx_word' id='word_1_56' title='bbox 408 988 491 1083; x_wconf 74' lang='grc' dir='ltr'><strong><em>ἐνῷ</em></strong></span> <span class='ocrx_word' id='word_1_57' title='bbox 514 998 592 1073; x_wconf 79' lang='grc' dir='ltr'><strong><em>τοὺς</em></strong></span> <span class='ocrx_word' id='word_1_58' title='bbox 614 994 651 1061; x_wconf 92' lang='grc' dir='ltr'><strong><em>ἐκ</em></strong></span> <span class='ocrx_word' id='word_1_59' title='bbox 672 1000 765 1060; x_wconf 84' lang='grc' dir='ltr'><strong><em>θεῶν</em></strong></span> <span class='ocrx_word' id='word_1_60' title='bbox 783 995 912 1079; x_wconf 83' lang='grc' dir='ltr'><strong><em>φύντας</em></strong></span> <span class='ocrx_word' id='word_1_61' title='bbox 934 995 1039 1060; x_wconf 88' lang='grc' dir='ltr'><strong><em>οίκεῖν</em></strong></span> <span class='ocrx_word' id='word_1_62' title='bbox 1060 996 1148 1077; x_wconf 83' lang='grc' dir='ltr'><strong><em>λόγος</em></strong></span> 
     </span>
     <span class='ocr_line' id='line_1_9' title="bbox 141 1091 1147 1187; baseline -0.004 -19"><span class='ocrx_word' id='word_1_63' title='bbox 141 1103 324 1186; x_wconf 85' lang='grc' dir='ltr'><strong><em>εὐδαίμονα</em></strong></span> <span class='ocrx_word' id='word_1_64' title='bbox 351 1098 407 1166; x_wconf 86' lang='grc' dir='ltr'><strong><em>καί</em></strong></span> <span class='ocrx_word' id='word_1_65' title='bbox 438 1102 601 1187; x_wconf 80' lang='grc' dir='ltr'><strong><em>μακάριον</em></strong></span> <span class='ocrx_word' id='word_1_66' title='bbox 633 1103 770 1186; x_wconf 84' lang='grc' dir='ltr'><strong><em>ἐῃοντας</em></strong></span> <span class='ocrx_word' id='word_1_67' title='bbox 801 1104 891 1184; x_wconf 88' lang='grc' dir='ltr'><strong><em>βίον·</em></strong></span> <span class='ocrx_word' id='word_1_68' title='bbox 924 1091 976 1178; x_wconf 80' lang='grc' dir='ltr'><strong><em>οἷς</em></strong></span> <span class='ocrx_word' id='word_1_69' title='bbox 1007 1099 1147 1185; x_wconf 77' lang='grc' dir='ltr'><strong><em>διαγγέλ-</em></strong></span> 
     </span>
     <span class='ocr_line' id='line_1_10' title="bbox 143 1199 1238 1294; baseline -0.006 -20"><span class='ocrx_word' id='word_1_70' title='bbox 143 1214 248 1274; x_wconf 90' lang='grc' dir='ltr'><strong><em>λουσα</em></strong></span> <span class='ocrx_word' id='word_1_71' title='bbox 270 1208 308 1272; x_wconf 86' lang='grc' dir='ltr'><strong><em>τὸ</em></strong></span> <span class='ocrx_word' id='word_1_72' title='bbox 332 1208 394 1273; x_wconf 89' lang='grc' dir='ltr'><strong><em>σὸν</em></strong></span> <span class='ocrx_word' id='word_1_73' title='bbox 416 1203 550 1292; x_wconf 74' lang='grc' dir='ltr'><strong><em>εὐσεβὲς</em></strong></span> <span class='ocrx_word' id='word_1_74' title='bbox 572 1205 707 1285; x_wconf 80' lang='grc' dir='ltr'><strong><em>καὶτὰς</em></strong></span> <span class='ocrx_word' id='word_1_75' title='bbox 731 1208 791 1284; x_wconf 78' lang='grc' dir='ltr'><strong><em>σὰς</em></strong></span> <span class='ocrx_word' id='word_1_76' title='bbox 812 1207 959 1294; x_wconf 73' lang='grc' dir='ltr'><strong><em>χάριτας,</em></strong></span> <span class='ocrx_word' id='word_1_77' title='bbox 983 1199 1035 1285; x_wconf 81' lang='grc' dir='ltr'><strong><em>αἷς</em></strong></span> <span class='ocrx_word' id='word_1_78' title='bbox 1053 1207 1203 1290; x_wconf 70' lang='grc' dir='ltr'><strong><em>αύτηνιιοο</em></strong></span> <span class='ocrx_word' id='word_1_79' title='bbox 1237 1261 1238 1293; x_wconf 68' lang='grc'><strong><em>,</em></strong></span> 
     </span>
     <span class='ocr_line' id='line_1_11' title="bbox 103 1311 1148 1399; baseline -0.003 -20"><span class='ocrx_word' id='word_1_80' title='bbox 103 1339 130 1379; x_wconf 81' lang='grc' dir='ltr'><strong><em>ιο</em></strong></span> <span class='ocrx_word' id='word_1_81' title='bbox 143 1313 343 1397; x_wconf 80' lang='grc' dir='ltr'><strong><em>ἐκόσμησας,</em></strong></span> <span class='ocrx_word' id='word_1_82' title='bbox 370 1311 425 1377; x_wconf 78' lang='grc' dir='ltr'><strong><em>ἀεί</em></strong></span> <span class='ocrx_word' id='word_1_83' title='bbox 449 1336 543 1391; x_wconf 87' lang='grc' dir='ltr'><strong><em>τινας</em></strong></span> <span class='ocrx_word' id='word_1_84' title='bbox 570 1316 740 1398; x_wconf 77' lang='grc' dir='ltr'><strong><em>αίτησεταί</em></strong></span> <span class='ocrx_word' id='word_1_85' title='bbox 763 1330 816 1380; x_wconf 89' lang='grc' dir='ltr'><strong><em>σοι</em></strong></span> <span class='ocrx_word' id='word_1_86' title='bbox 838 1314 928 1399; x_wconf 79' lang='grc' dir='ltr'><strong><em>παρὰ</em></strong></span> <span class='ocrx_word' id='word_1_87' title='bbox 950 1322 1043 1380; x_wconf 81' lang='grc' dir='ltr'><strong><em>θεῶν</em></strong></span> <span class='ocrx_word' id='word_1_88' title='bbox 1065 1312 1148 1398; x_wconf 81' lang='grc' dir='ltr'><strong><em>ἀμοι-</em></strong></span> 
     </span>
     <span class='ocr_line' id='line_1_12' title="bbox 142 1419 735 1510; baseline 0 -27"><span class='ocrx_word' id='word_1_89' title='bbox 142 1419 205 1504; x_wconf 81' lang='grc' dir='ltr'><strong><em>βὰς</em></strong></span> <span class='ocrx_word' id='word_1_90' title='bbox 226 1420 334 1496; x_wconf 82' lang='grc' dir='ltr'><strong><em>καλός.</em></strong></span> <span class='ocrx_word' id='word_1_91' title='bbox 734 1505 735 1510; x_wconf 11' lang='lat'>¹</span> 
     </span>
     <span class='ocr_line' id='line_1_13' title="bbox 209 1522 1150 1613; baseline -0.002 -23"><span class='ocrx_word' id='word_1_92' title='bbox 209 1524 299 1590; x_wconf 91' lang='lat' dir='ltr'><strong>LIII.</strong></span> <span class='ocrx_word' id='word_1_93' title='bbox 339 1523 416 1592; x_wconf 76' lang='grc' dir='ltr'><strong><em>Ἐὰν</em></strong></span> <span class='ocrx_word' id='word_1_94' title='bbox 445 1522 483 1592; x_wconf 77' lang='grc' dir='ltr'><strong><em>δέ</em></strong></span> <span class='ocrx_word' id='word_1_95' title='bbox 509 1529 758 1613; x_wconf 74' lang='grc' dir='ltr'><strong><em>προπηλακίσῃς</em></strong></span> <span class='ocrx_word' id='word_1_96' title='bbox 783 1527 845 1611; x_wconf 80' lang='grc' dir='ltr'><strong><em>την</em></strong></span> <span class='ocrx_word' id='word_1_97' title='bbox 873 1535 1017 1594; x_wconf 84' lang='grc' dir='ltr'><strong><em>σεαυτοῦ</em></strong></span> <span class='ocrx_word' id='word_1_98' title='bbox 1039 1523 1150 1611; x_wconf 85' lang='grc' dir='ltr'><strong><em>μητέρα</em></strong></span> 
     </span>
     <span class='ocr_line' id='line_1_14' title="bbox 143 1629 1239 1720; baseline -0.003 -23"><span class='ocrx_word' id='word_1_99' title='bbox 143 1630 198 1697; x_wconf 86' lang='grc' dir='ltr'><strong><em>καὶ</em></strong></span> <span class='ocrx_word' id='word_1_100' title='bbox 220 1633 339 1716; x_wconf 77' lang='grc' dir='ltr'><strong><em>ἄτιμον</em></strong></span> <span class='ocrx_word' id='word_1_101' title='bbox 363 1631 546 1719; x_wconf 79' lang='grc' dir='ltr'><strong><em>ἀπολύσῃς,</em></strong></span> <span class='ocrx_word' id='word_1_102' title='bbox 576 1633 594 1697; x_wconf 86' lang='grc' dir='ltr'>ὅ</span> <span class='ocrx_word' id='word_1_103' title='bbox 616 1657 649 1698; x_wconf 88' lang='grc' dir='ltr'><strong><em>τι</em></strong></span> <span class='ocrx_word' id='word_1_104' title='bbox 676 1629 738 1716; x_wconf 77' lang='grc' dir='ltr'><strong><em>μέυ</em></strong></span> <span class='ocrx_word' id='word_1_105' title='bbox 766 1632 855 1720; x_wconf 78' lang='grc' dir='ltr'><strong><em>αὐτῷ</em></strong></span> <span class='ocrx_word' id='word_1_106' title='bbox 880 1649 934 1700; x_wconf 90' lang='grc' dir='ltr'><strong><em>σοι</em></strong></span> <span class='ocrx_word' id='word_1_107' title='bbox 959 1635 1149 1718; x_wconf 82' lang='grc' dir='ltr'><strong><em>συμβήσεται</em></strong></span> <span class='ocrx_word' id='word_1_108' title='bbox 1238 1683 1239 1718; x_wconf 54' lang='lat'>3</span> 
     </span>
     <span class='ocr_line' id='line_1_15' title="bbox 144 1733 1148 1824; baseline -0.001 -22"><span class='ocrx_word' id='word_1_109' title='bbox 144 1738 202 1802; x_wconf 81' lang='grc' dir='ltr'><strong><em>διὰ</em></strong></span> <span class='ocrx_word' id='word_1_110' title='bbox 234 1746 338 1803; x_wconf 85' lang='grc' dir='ltr'><strong><em>ταῦτα</em></strong></span> <span class='ocrx_word' id='word_1_111' title='bbox 368 1744 510 1822; x_wconf 87' lang='grc' dir='ltr'><strong><em>παθεῖν,</em></strong></span> <span class='ocrx_word' id='word_1_112' title='bbox 543 1737 605 1804; x_wconf 87' lang='grc' dir='ltr'><strong><em>οὐκ</em></strong></span> <span class='ocrx_word' id='word_1_113' title='bbox 637 1740 701 1824; x_wconf 82' lang='grc' dir='ltr'><strong><em>ἐχα</em></strong></span> <span class='ocrx_word' id='word_1_114' title='bbox 733 1735 859 1822; x_wconf 80' lang='grc' dir='ltr'><strong><em>λέγειν,</em></strong></span> <span class='ocrx_word' id='word_1_115' title='bbox 890 1738 1092 1823; x_wconf 80' lang='grc' dir='ltr'><strong><em>μαντεύομαι</em></strong></span> <span class='ocrx_word' id='word_1_116' title='bbox 1121 1733 1148 1801; x_wconf 84' lang='grc' dir='ltr'><strong><em>δ’</em></strong></span> 
     </span>
    </p>

    <p class='ocr_par' dir='ltr' id='par_1_3' title="bbox 105 1838 1240 2248">
     <span class='ocr_line' id='line_1_16' title="bbox 105 1838 1152 1929; baseline 0.001 -22"><span class='ocrx_word' id='word_1_117' title='bbox 105 1867 131 1908; x_wconf 85' lang='lat'><strong><em>15</em></strong></span> <span class='ocrx_word' id='word_1_118' title='bbox 145 1838 246 1908; x_wconf 72' lang='grc' dir='ltr'><strong><em>οὐδὲν</em></strong></span> <span class='ocrx_word' id='word_1_119' title='bbox 273 1841 416 1929; x_wconf 80' lang='grc' dir='ltr'><strong><em>εὐτυχές.</em></strong></span> <span class='ocrx_word' id='word_1_120' title='bbox 467 1843 517 1909; x_wconf 86' lang='grc' dir='ltr'><strong><em>ὅτι</em></strong></span> <span class='ocrx_word' id='word_1_121' title='bbox 546 1841 576 1910; x_wconf 90' lang='grc' dir='ltr'><strong><em>δ’</em></strong></span> <span class='ocrx_word' id='word_1_122' title='bbox 608 1843 667 1910; x_wconf 79' lang='grc' dir='ltr'><strong><em>ἐὰν</em></strong></span> <span class='ocrx_word' id='word_1_123' title='bbox 693 1842 749 1910; x_wconf 79' lang='grc' dir='ltr'><strong><em>καί</em></strong></span> <span class='ocrx_word' id='word_1_124' title='bbox 780 1838 884 1910; x_wconf 83' lang='grc' dir='ltr'><strong><em>τᾶλλα</em></strong></span> <span class='ocrx_word' id='word_1_125' title='bbox 914 1845 1025 1920; x_wconf 76' lang='grc' dir='ltr'><strong><em>πάντα</em></strong></span> <span class='ocrx_word' id='word_1_126' title='bbox 1051 1843 1152 1909; x_wconf 89' lang='grc' dir='ltr'><strong><em>εύδαι-</em></strong></span> 
     </span>
     <span class='ocr_line' id='line_1_17' title="bbox 144 1946 1154 2036; baseline 0.001 -21"><span class='ocrx_word' id='word_1_127' title='bbox 144 1956 264 2034; x_wconf 76' lang='grc' dir='ltr'><strong><em>μονῃς,</em></strong></span> <span class='ocrx_word' id='word_1_128' title='bbox 292 1950 376 2014; x_wconf 76' lang='grc' dir='ltr'><strong><em>ἐστιν</em></strong></span> <span class='ocrx_word' id='word_1_129' title='bbox 403 1949 483 2036; x_wconf 80' lang='grc' dir='ltr'><strong><em>γάρ,</em></strong></span> <span class='ocrx_word' id='word_1_130' title='bbox 512 1949 533 2034; x_wconf 82' lang='grc' dir='ltr'><em>ἡ</em></span> <span class='ocrx_word' id='word_1_131' title='bbox 558 1947 602 2015; x_wconf 89' lang='grc' dir='ltr'><strong><em>δι’</em></strong></span> <span class='ocrx_word' id='word_1_132' title='bbox 630 1946 686 2035; x_wconf 79' lang='grc' dir='ltr'><strong><em>ἐμὲ</em></strong></span> <span class='ocrx_word' id='word_1_133' title='bbox 713 1948 769 2016; x_wconf 85' lang='grc' dir='ltr'><strong><em>καί</em></strong></span> <span class='ocrx_word' id='word_1_134' title='bbox 796 1951 854 2028; x_wconf 80' lang='grc' dir='ltr'><strong><em>τὰς</em></strong></span> <span class='ocrx_word' id='word_1_135' title='bbox 882 1949 962 2035; x_wconf 78' lang='grc' dir='ltr'><strong><em>ε’μδς</em></strong></span> <span class='ocrx_word' id='word_1_136' title='bbox 990 1949 1154 2034; x_wconf 77' lang='grc' dir='ltr'><strong><em>συμφορὰς</em></strong></span> 
     </span>
     <span class='ocr_line' id='line_1_18' title="bbox 144 2039 1240 2142; baseline 0.001 -22"><span class='ocrx_word' id='word_1_137' title='bbox 144 2056 490 2140; x_wconf 69' lang='grc' dir='ltr'><strong><em>παρακολουθήσουσά</em></strong></span> <span class='ocrx_word' id='word_1_138' title='bbox 509 2073 562 2122; x_wconf 91' lang='grc' dir='ltr'><strong><em>σοι</em></strong></span> <span class='ocrx_word' id='word_1_139' title='bbox 581 2054 637 2122; x_wconf 84' lang='grc' dir='ltr'><strong><em>καὶ</em></strong></span> <span class='ocrx_word' id='word_1_140' title='bbox 655 2055 814 2122; x_wconf 88' lang='grc' dir='ltr'><strong><em>ούδέποτε</em></strong></span> <span class='ocrx_word' id='word_1_141' title='bbox 833 2055 1006 2142; x_wconf 79' lang='grc' dir='ltr'><strong><em>ἀνήσουσα</em></strong></span> <span class='ocrx_word' id='word_1_142' title='bbox 1020 2057 1079 2140; x_wconf 82' lang='grc' dir='ltr'><strong><em>την</em></strong></span> <span class='ocrx_word' id='word_1_143' title='bbox 1095 2064 1152 2132; x_wconf 80' lang='grc' dir='ltr'><strong><em>ψυ-</em></strong></span> <span class='ocrx_word' id='word_1_144' title='bbox 1239 2039 1240 2046; x_wconf 25' lang='lat'>¹</span> 
     </span>
     <span class='ocr_line' id='line_1_19' title="bbox 144 2160 1152 2248; baseline -0.007 -19"><span class='ocrx_word' id='word_1_145' title='bbox 144 2163 208 2248; x_wconf 79' lang='grc' dir='ltr'><strong><em>ῃην</em></strong></span> <span class='ocrx_word' id='word_1_146' title='bbox 231 2163 336 2246; x_wconf 87' lang='grc' dir='ltr'><strong><em>ὀδύνη</em></strong></span> <span class='ocrx_word' id='word_1_147' title='bbox 359 2161 495 2228; x_wconf 77' lang='grc' dir='ltr'><strong><em>πάντων</em></strong></span> <span class='ocrx_word' id='word_1_148' title='bbox 518 2161 658 2245; x_wconf 78' lang='grc' dir='ltr'><strong><em>ἀμαθῶν</em></strong></span> <span class='ocrx_word' id='word_1_149' title='bbox 681 2178 735 2228; x_wconf 92' lang='grc' dir='ltr'><strong><em>σοι</em></strong></span> <span class='ocrx_word' id='word_1_150' title='bbox 758 2160 925 2247; x_wconf 83' lang='grc' dir='ltr'><strong><em>ἀνόνητον</em></strong></span> <span class='ocrx_word' id='word_1_151' title='bbox 946 2165 1080 2247; x_wconf 82' lang='grc' dir='ltr'><strong><em>ποιήσει</em></strong></span> <span class='ocrx_word' id='word_1_152' title='bbox 1099 2161 1152 2226; x_wconf 87' lang='grc' dir='ltr'><strong><em>τὸν</em></strong></span> 
     </span>
    </p>

    <p class='ocr_par' dir='ltr' id='par_1_4' title="bbox 110 2261 1152 2354">
     <span class='ocr_line' id='line_1_20' title="bbox 110 2261 1152 2354; baseline -0.01 -14"><span class='ocrx_word' id='word_1_153' title='bbox 110 2272 232 2353; x_wconf 69' lang='grc' dir='ltr'><strong><em>ἳβίον,</em></strong></span> <span class='ocrx_word' id='word_1_154' title='bbox 255 2264 293 2334; x_wconf 83' lang='grc' dir='ltr'><strong><em>εὖ</em></strong></span> <span class='ocrx_word' id='word_1_155' title='bbox 317 2261 402 2336; x_wconf 85' lang='grc' dir='ltr'><strong><em>οἶδα.</em></strong></span> <span class='ocrx_word' id='word_1_156' title='bbox 448 2267 571 2354; x_wconf 79' lang='grc' dir='ltr'><strong><em>οὐγὰρ</em></strong></span> <span class='ocrx_word' id='word_1_157' title='bbox 592 2265 740 2346; x_wconf 77' lang='grc' dir='ltr'><strong><em>ἀνέξεται</em></strong></span> <span class='ocrx_word' id='word_1_158' title='bbox 760 2267 946 2353; x_wconf 81' lang='grc' dir='ltr'><strong><em>Οὐετουρία</em></strong></span> <span class='ocrx_word' id='word_1_159' title='bbox 964 2269 1027 2353; x_wconf 78' lang='grc' dir='ltr'><strong><em>τὴν</em></strong></span> <span class='ocrx_word' id='word_1_160' title='bbox 1045 2265 1152 2348; x_wconf 76' lang='grc' dir='ltr'><strong><em>δεινὴν</em></strong></span> 
     </span>
    </p>

    <p class='ocr_par' dir='ltr' id='par_1_5' title="bbox 106 2371 1156 2780">
     <span class='ocr_line' id='line_1_21' title="bbox 106 2371 1153 2461; baseline -0.003 -23"><span class='ocrx_word' id='word_1_161' title='bbox 106 2401 132 2439; x_wconf 75' lang='grc' dir='ltr'><strong><em>ιο</em></strong></span> <span class='ocrx_word' id='word_1_162' title='bbox 145 2373 200 2440; x_wconf 82' lang='grc' dir='ltr'><strong><em>καί</em></strong></span> <span class='ocrx_word' id='word_1_163' title='bbox 219 2373 400 2459; x_wconf 78' lang='grc' dir='ltr'><strong><em>ἀνήκεστον</em></strong></span> <span class='ocrx_word' id='word_1_164' title='bbox 418 2373 519 2460; x_wconf 80' lang='grc' dir='ltr'><strong><em>ὕβριν</em></strong></span> <span class='ocrx_word' id='word_1_165' title='bbox 539 2371 575 2440; x_wconf 82' lang='grc' dir='ltr'><strong><em>ἐν</em></strong></span> <span class='ocrx_word' id='word_1_166' title='bbox 592 2373 764 2450; x_wconf 87' lang='grc' dir='ltr'><strong><em>τοσούτοις</em></strong></span> <span class='ocrx_word' id='word_1_167' title='bbox 781 2373 946 2459; x_wconf 76' lang='grc' dir='ltr'><strong><em>μάρτυσιν</em></strong></span> <span class='ocrx_word' id='word_1_168' title='bbox 959 2374 1153 2461; x_wconf 85' lang='grc' dir='ltr'><strong><em>ὑβρισθεῖσα</em></strong></span> 
     </span>
     <span class='ocr_line' id='line_1_22' title="bbox 145 2476 1155 2566; baseline -0.004 -20"><span class='ocrx_word' id='word_1_169' title='bbox 145 2482 205 2547; x_wconf 92' lang='grc' dir='ltr'><strong><em>τὸν</em></strong></span> <span class='ocrx_word' id='word_1_170' title='bbox 232 2479 405 2566; x_wconf 79' lang='grc' dir='ltr'><strong><em>ἐλάχιστον</em></strong></span> <span class='ocrx_word' id='word_1_171' title='bbox 427 2483 547 2564; x_wconf 79' lang='grc' dir='ltr'><strong><em>βιῶναι</em></strong></span> <span class='ocrx_word' id='word_1_172' title='bbox 574 2483 714 2566; x_wconf 81' lang='grc' dir='ltr'><strong><em>χρόνον,</em></strong></span> <span class='ocrx_word' id='word_1_173' title='bbox 743 2476 816 2544; x_wconf 78' lang='grc' dir='ltr'><strong><em>ἀλλ’</em></strong></span> <span class='ocrx_word' id='word_1_174' title='bbox 844 2478 881 2545; x_wconf 81' lang='grc' dir='ltr'><strong><em>ἐν</em></strong></span> <span class='ocrx_word' id='word_1_175' title='bbox 907 2493 977 2559; x_wconf 90' lang='grc' dir='ltr'><strong><em>τοῖς</em></strong></span> <span class='ocrx_word' id='word_1_176' title='bbox 1005 2480 1155 2546; x_wconf 80' lang='grc' dir='ltr'><strong><em>ἁπάντων</em></strong></span> 
     </span>
     <span class='ocr_line' id='line_1_23' title="bbox 145 2585 1154 2673; baseline 0.002 -23"><span class='ocrx_word' id='word_1_177' title='bbox 145 2586 240 2670; x_wconf 78' lang='grc' dir='ltr'><strong><em>ὑμῶν</em></strong></span> <span class='ocrx_word' id='word_1_178' title='bbox 263 2590 374 2670; x_wconf 84' lang='grc' dir='ltr'><strong><em>φίλων</em></strong></span> <span class='ocrx_word' id='word_1_179' title='bbox 396 2609 431 2653; x_wconf 89' lang='grc' dir='ltr'><strong><em>τε</em></strong></span> <span class='ocrx_word' id='word_1_180' title='bbox 453 2585 509 2653; x_wconf 83' lang='grc' dir='ltr'><strong><em>καί</em></strong></span> <span class='ocrx_word' id='word_1_181' title='bbox 532 2586 664 2673; x_wconf 79' lang='grc' dir='ltr'><strong><em>ἐχθρῶν</em></strong></span> <span class='ocrx_word' id='word_1_182' title='bbox 688 2588 832 2671; x_wconf 78' lang='grc' dir='ltr'><strong><em>ὄμμασιν</em></strong></span> <span class='ocrx_word' id='word_1_183' title='bbox 856 2585 1001 2672; x_wconf 80' lang='grc' dir='ltr'><strong><em>ἐμαυτὴν</em></strong></span> <span class='ocrx_word' id='word_1_184' title='bbox 1025 2586 1154 2672; x_wconf 80' lang='grc' dir='ltr'><strong><em>διαχρη-</em></strong></span> 
     </span>
     <span class='ocr_line' id='line_1_24' title="bbox 146 2690 1156 2780; baseline 0.009 -25"><span class='ocrx_word' id='word_1_185' title='bbox 146 2707 257 2775; x_wconf 90' lang='grc' dir='ltr'><strong><em>σομαι,</em></strong></span> <span class='ocrx_word' id='word_1_186' title='bbox 279 2694 417 2777; x_wconf 87' lang='grc' dir='ltr'><strong><em>βαρεῖαν</em></strong></span> <span class='ocrx_word' id='word_1_187' title='bbox 439 2691 524 2777; x_wconf 78' lang='grc' dir='ltr'><strong><em>ἀρὰν</em></strong></span> <span class='ocrx_word' id='word_1_188' title='bbox 546 2690 603 2757; x_wconf 79' lang='grc' dir='ltr'><strong><em>καί</em></strong></span> <span class='ocrx_word' id='word_1_189' title='bbox 626 2694 738 2770; x_wconf 79' lang='grc' dir='ltr'><strong><em>δεινὰς</em></strong></span> <span class='ocrx_word' id='word_1_190' title='bbox 761 2692 894 2780; x_wconf 80' lang='grc' dir='ltr'><strong><em>ἐρινύας</em></strong></span> <span class='ocrx_word' id='word_1_191' title='bbox 922 2690 992 2759; x_wconf 83' lang='grc' dir='ltr'><strong><em>ἀντ’</em></strong></span> <span class='ocrx_word' id='word_1_192' title='bbox 1019 2693 1156 2779; x_wconf 67' lang='grc' dir='ltr'><strong><em>ἐμαυτῆς</em></strong></span> 
     </span>
    </p>

    <p class='ocr_par' dir='ltr' id='par_1_6' title="bbox 111 2792 1153 2885">
     <span class='ocr_line' id='line_1_25' title="bbox 111 2792 1153 2885; baseline 0 -24"><span class='ocrx_word' id='word_1_193' title='bbox 111 2792 371 2870; x_wconf 83' lang='grc' dir='ltr'><strong><em>3καταλιποῦσύ</em></strong></span> <span class='ocrx_word' id='word_1_194' title='bbox 399 2813 452 2862; x_wconf 89' lang='grc' dir='ltr'><strong><em>σοι</em></strong></span> <span class='ocrx_word' id='word_1_195' title='bbox 482 2799 655 2882; x_wconf 84' lang='grc' dir='ltr'><strong><em>τιμωρούς.</em></strong></span> <span class='ocrx_word' id='word_1_196' title='bbox 701 2793 749 2864; x_wconf 81' lang='grc' dir='ltr'><strong><em>ὧν</em></strong></span> <span class='ocrx_word' id='word_1_197' title='bbox 772 2802 817 2885; x_wconf 81' lang='grc' dir='ltr'><strong><em>μὴ</em></strong></span> <span class='ocrx_word' id='word_1_198' title='bbox 841 2801 1006 2884; x_wconf 82' lang='grc' dir='ltr'><strong><em>δεήσειεν,</em></strong></span> <span class='ocrx_word' id='word_1_199' title='bbox 1034 2794 1153 2866; x_wconf 80' lang='grc' dir='ltr'><strong><em>ὦθεοί</em></strong></span> 
     </span>
    </p>

    <p class='ocr_par' dir='ltr' id='par_1_7' title="bbox 106 2899 1209 3202">
     <span class='ocr_line' id='line_1_26' title="bbox 106 2899 1153 2991; baseline -0.001 -23"><span class='ocrx_word' id='word_1_200' title='bbox 106 2927 132 2968; x_wconf 80' lang='grc' dir='ltr'><strong><em>ει</em></strong></span> <span class='ocrx_word' id='word_1_201' title='bbox 146 2910 203 2986; x_wconf 78' lang='grc' dir='ltr'><strong><em>τῆς</em></strong></span> <span class='ocrx_word' id='word_1_202' title='bbox 224 2899 393 2986; x_wconf 82' lang='grc' dir='ltr'><strong><em>Ῥωμαίων</em></strong></span> <span class='ocrx_word' id='word_1_203' title='bbox 424 2903 569 2988; x_wconf 84' lang='grc' dir='ltr'><strong><em>φύλακες</em></strong></span> <span class='ocrx_word' id='word_1_204' title='bbox 599 2904 794 2988; x_wconf 71' lang='grc' dir='ltr'><strong><em>ἡγεμονίας,</em></strong></span> <span class='ocrx_word' id='word_1_205' title='bbox 826 2904 897 2972; x_wconf 80' lang='grc' dir='ltr'><strong><em>ἀλλ’</em></strong></span> <span class='ocrx_word' id='word_1_206' title='bbox 930 2906 1076 2991; x_wconf 84' lang='grc' dir='ltr'><strong><em>εὐσεβεῖς</em></strong></span> <span class='ocrx_word' id='word_1_207' title='bbox 1101 2900 1153 2970; x_wconf 81' lang='grc' dir='ltr'><strong><em>καί</em></strong></span> 
     </span>
     <span class='ocr_line' id='line_1_27' title="bbox 146 3009 1209 3098; baseline -0.006 -26"><span class='ocrx_word' id='word_1_208' title='bbox 146 3010 267 3084; x_wconf 85' lang='grc' dir='ltr'><strong><em>καλοὺς</em></strong></span> <span class='ocrx_word' id='word_1_209' title='bbox 298 3009 410 3093; x_wconf 79' lang='grc' dir='ltr'><strong><em>δοίητε</em></strong></span> <span class='ocrx_word' id='word_1_210' title='bbox 441 3010 585 3098; x_wconf 79' lang='grc' dir='ltr'><strong><em>Μαρκίῳ</em></strong></span> <span class='ocrx_word' id='word_1_211' title='bbox 617 3012 811 3095; x_wconf 78' lang='grc' dir='ltr'><strong><em>λογισμούς·</em></strong></span> <span class='ocrx_word' id='word_1_212' title='bbox 849 3010 905 3077; x_wconf 80' lang='grc' dir='ltr'><strong><em>καὶ</em></strong></span> <span class='ocrx_word' id='word_1_213' title='bbox 942 3013 1052 3098; x_wconf 79' lang='grc' dir='ltr'><strong><em>ὥσπερ</em></strong></span> <span class='ocrx_word' id='word_1_214' title='bbox 1083 3011 1209 3095; x_wconf 74' lang='grc' dir='ltr'><strong><em>ἅριιῖοιῖ</em></strong></span> 
     </span>
     <span class='ocr_line' id='line_1_28' title="bbox 145 3114 1153 3202; baseline -0.001 -22"><span class='ocrx_word' id='word_1_215' title='bbox 145 3115 331 3201; x_wconf 76' lang='grc' dir='ltr'><strong><em>προσιούσῃ</em></strong></span> <span class='ocrx_word' id='word_1_216' title='bbox 359 3138 415 3199; x_wconf 92' lang='grc' dir='ltr'><strong><em>μοι</em></strong></span> <span class='ocrx_word' id='word_1_217' title='bbox 442 3116 522 3193; x_wconf 91' lang='grc' dir='ltr'><strong><em>τούς</em></strong></span> <span class='ocrx_word' id='word_1_218' title='bbox 551 3138 586 3181; x_wconf 91' lang='grc' dir='ltr'><strong><em>τε</em></strong></span> <span class='ocrx_word' id='word_1_219' title='bbox 608 3114 755 3193; x_wconf 81' lang='grc' dir='ltr'><strong><em>πελέκεις</em></strong></span> <span class='ocrx_word' id='word_1_220' title='bbox 778 3115 920 3184; x_wconf 76' lang='grc' dir='ltr'><strong><em>ἀπέθετο</em></strong></span> <span class='ocrx_word' id='word_1_221' title='bbox 942 3115 998 3184; x_wconf 83' lang='grc' dir='ltr'><strong><em>καί</em></strong></span> <span class='ocrx_word' id='word_1_222' title='bbox 1020 3119 1077 3194; x_wconf 80' lang='grc' dir='ltr'><strong><em>τὰς</em></strong></span> <span class='ocrx_word' id='word_1_223' title='bbox 1099 3115 1153 3202; x_wconf 78' lang='grc' dir='ltr'><strong><em>βύ-</em></strong></span> 
     </span>
    </p>
   </div>
   <div class='ocr_carea' id='block_1_3' title="bbox 146 3307 1154 3520">
    <p class='ocr_par' dir='ltr' id='par_1_8' title="bbox 146 3307 1154 3520">
     <span class='ocr_line' id='line_1_29' title="bbox 217 3307 1153 3379; baseline -0.004 -17"><span class='ocrx_word' id='word_1_224' title='bbox 217 3314 233 3362; x_wconf 80' lang='lat'><strong>2</strong></span> <span class='ocrx_word' id='word_1_225' title='bbox 252 3307 303 3370; x_wconf 81' lang='grc' dir='ltr'><strong><em>τὰς</em></strong></span> <span class='ocrx_word' id='word_1_226' title='bbox 320 3307 507 3377; x_wconf 80' lang='grc' dir='ltr'><strong><em>ἀνθρωπίνας</em></strong></span> <span class='ocrx_word' id='word_1_227' title='bbox 525 3308 547 3362; x_wconf 94' lang='grc' dir='ltr'>Ο</span> <span class='ocrx_word' id='word_1_228' title='bbox 566 3310 678 3377; x_wconf 74' lang='lat' dir='ltr'>praeter</span> <span class='ocrx_word' id='word_1_229' title='bbox 695 3307 718 3362; x_wconf 93' lang='grc' dir='ltr'>Β</span> <span class='ocrx_word' id='word_1_230' title='bbox 819 3315 852 3364; x_wconf 84' lang='grc'><strong><em>19</em></strong></span> <span class='ocrx_word' id='word_1_231' title='bbox 871 3307 1008 3379; x_wconf 72' lang='grc' dir='ltr'><strong><em>ἀνέξομαι</em></strong></span> <span class='ocrx_word' id='word_1_232' title='bbox 1025 3326 1049 3366; x_wconf 87' lang='grc' dir='ltr'><strong><em>α.</em></strong></span> <span class='ocrx_word' id='word_1_233' title='bbox 1068 3307 1153 3364; x_wconf 75' lang='lat' dir='ltr'>cobet</span> 
     </span>
     <span class='ocr_line' id='line_1_30' title="bbox 146 3374 1154 3452; baseline -0.004 -18"><span class='ocrx_word' id='word_1_234' title='bbox 146 3376 212 3434; x_wconf 82' lang='lat' dir='ltr'>obs.</span> <span class='ocrx_word' id='word_1_235' title='bbox 231 3396 259 3447; x_wconf 89' lang='lat' dir='ltr'><strong><em>p.</em></strong></span> <span class='ocrx_word' id='word_1_236' title='bbox 276 3383 328 3434; x_wconf 77' lang='lat'><strong><em>165</em></strong></span> <span class='ocrx_word' id='word_1_237' title='bbox 383 3385 418 3434; x_wconf 82' lang='lat'><strong><em>20</em></strong></span> <span class='ocrx_word' id='word_1_238' title='bbox 437 3374 587 3452; x_wconf 75' lang='grc' dir='ltr'><strong><em>ἐπιβιῶναι</em></strong></span> <span class='ocrx_word' id='word_1_239' title='bbox 605 3397 628 3435; x_wconf 84' lang='grc' dir='ltr'><strong><em>ο.</em></strong></span> <span class='ocrx_word' id='word_1_240' title='bbox 648 3378 820 3449; x_wconf 78' lang='lat' dir='ltr'>Grasberger</span> <span class='ocrx_word' id='word_1_241' title='bbox 832 3380 997 3450; x_wconf 72' lang='lat' dir='ltr'>Philologus</span> <span class='ocrx_word' id='word_1_242' title='bbox 1016 3386 1050 3436; x_wconf 72' lang='lat'><strong><em>28</em></strong></span> <span class='ocrx_word' id='word_1_243' title='bbox 1065 3381 1154 3449; x_wconf 82' lang='grc'>(1869)</span> 
     </span>
     <span class='ocr_line' id='line_1_31' title="bbox 146 3449 978 3520; baseline 0.005 -18"><span class='ocrx_word' id='word_1_244' title='bbox 146 3465 173 3518; x_wconf 89' lang='lat' dir='ltr'><strong><em>p.</em></strong></span> <span class='ocrx_word' id='word_1_245' title='bbox 190 3453 243 3502; x_wconf 78' lang='lat'><strong><em>550</em></strong></span> <span class='ocrx_word' id='word_1_246' title='bbox 298 3455 333 3502; x_wconf 77' lang='lat'><strong><em>24</em></strong></span> <span class='ocrx_word' id='word_1_247' title='bbox 351 3449 389 3519; x_wconf 85' lang='grc' dir='ltr'><strong><em>μὴ</em></strong></span> <span class='ocrx_word' id='word_1_248' title='bbox 409 3449 431 3503; x_wconf 94' lang='lat'>0</span> <span class='ocrx_word' id='word_1_249' title='bbox 451 3449 540 3520; x_wconf 77' lang='grc' dir='ltr'><strong><em>μηδὲν</em></strong></span> <span class='ocrx_word' id='word_1_250' title='bbox 558 3450 689 3504; x_wconf 78' lang='lat' dir='ltr'><strong>Hertlein</strong></span> <span class='ocrx_word' id='word_1_251' title='bbox 706 3450 822 3505; x_wconf 77' lang='lat' dir='ltr'><strong>Hermes</strong></span> <span class='ocrx_word' id='word_1_252' title='bbox 840 3451 865 3504; x_wconf 90' lang='lat' dir='ltr'>X</span> <span class='ocrx_word' id='word_1_253' title='bbox 884 3469 911 3519; x_wconf 87' lang='lat' dir='ltr'><strong><em>p.</em></strong></span> <span class='ocrx_word' id='word_1_254' title='bbox 927 3457 978 3507; x_wconf 77' lang='lat'><strong><em>417</em></strong></span> 
     </span>
    </p>
   </div>
   <div class='ocr_carea' id='block_1_4' title="bbox 0 0 1258 3882">
    <p class='ocr_par' dir='ltr' id='par_1_9' title="bbox 0 0 1258 3882">
     <span class='ocr_line' id='line_1_32' title="bbox 0 0 1258 3882; baseline 0 0"><span class='ocrx_word' id='word_1_255' title='bbox 0 0 1258 3882; x_wconf 95' lang='lat' dir='ltr'><strong><em> </em></strong></span> 
     </span>
    </p>
   </div>
  </div>
 </body>
</html>
