2508 3882
178 219 244 281 272
601 216 769 269 -Θ-

178 378 387 460 Καλλιάδου,
419 374 495 442 καθ’
528 377 568 442 ὃν
599 380 723 462 χρόνον
757 376 952 463 ἐστράτευσε
986 376 1101 465 Ξέρξης
1133 377 1181 444 ἐπὶ

139 487 160 551 2
178 481 404 567 τὴνἙλλάδα.
441 484 516 568 ἀρτι
539 479 577 548 δὲ
599 487 854 568 παρειληφότων
876 485 989 550 αὐτῶν
1009 485 1069 568 τήν
1085 484 1181 570 ἀρχήν

180 593 335 654 Λατίνων
362 612 397 654 τε
424 586 578 674 πρέσβεις
605 583 688 670 ήκον
716 585 769 653 ε’πὶ
799 590 861 672 τήν
888 591 1017 673 βουλήν
1041 593 1180 674 δεόμενοι

178 692 304 780 πέμψαι
327 698 421 779 σφίσι
444 697 503 760 τὸν
523 693 636 779 ἕτερον
653 705 721 759 τῶν
743 694 879 760 ὑπάτων
903 697 984 779 μετδι
1009 697 1181 780 δυνάμεως,

154 801 217 878 ιὸς
247 802 308 868 οὐκ
338 799 426 866 ἐάσει
456 798 654 885 προσωτέρω
681 811 803 886 χωρεῖν
829 801 891 883 τήν
914 804 1074 868 Αἰκανῶν
1094 827 1180 868 κατα-

180 911 362 994 φρόνησιν,
393 905 448 972 καὶ
480 909 649 991 Τυρρηνία
676 915 764 970 πᾶσα
791 905 969 990 ἠγγέλλετο
997 908 1181 993 κεκινημένη

179 1011 234 1079 καί
258 1014 299 1079 οὐ
323 1015 378 1078 διὰ
402 1021 530 1097 μακροῦ
553 1012 750 1096 χωρήσουσα
769 1015 817 1088 είς
839 1015 994 1097 πόλεμον.
1042 1018 1180 1100 συνήχθη

180 1121 243 1204 γάρ
268 1122 316 1196 είς
338 1119 456 1201 κοινήν
480 1117 656 1200 ἐκκλησίαν
677 1119 715 1182 τὸ
740 1121 852 1201 ἔθνος,
875 1117 1057 1185 καὶπολλὰ
1077 1122 1183 1186 Οὐιεν-

181 1235 291 1289 τανῶν
323 1221 514 1306 δεηθέντων
542 1224 755 1309 συνάρασθαι
786 1228 881 1309 σφίσι
910 1234 977 1290 τοῦ
1009 1228 1093 1291 κατὰ
1117 1224 1183 1290 Ῥω-

142 1354 168 1394 ιο
181 1333 288 1416 μαίων
316 1328 479 1414 πολέμου,
507 1329 599 1407 τέλος
627 1328 800 1412 ἐξήνεγκεν
828 1329 949 1409 ἐξεῖναι
977 1343 1049 1409 τοῖς
1076 1337 1183 1418 βουλο-

167 1434 294 1520 μένοις
322 1439 504 1522 Τυρρηνῶν
527 1433 674 1521 μετέχειν
697 1444 755 1518 τῆς
778 1439 960 1521 στρατείας·
984 1435 1041 1502 καὶ
1065 1436 1182 1520 ἐγένετο

180 1541 251 1628 χεὶρ
279 1541 455 1628 ἀξιόμαχος
481 1542 501 1625 ή
529 1552 600 1618 τοῖς
624 1540 840 1618 Οὐιεντανοῖς
868 1539 1027 1621 ἑκουσίως
1054 1555 1114 1610 τοῦ
1134 1565 1183 1608 πο-

64 1635 66 1640 ’
181 1647 283 1732 λέμου
321 1646 542 1733 συναραμένη.
601 1656 703 1712 ταῦτα
739 1654 887 1731 μαθοῦσι
924 1660 994 1726 τοῖς
1032 1648 1070 1715 ἐν
1109 1648 1182 1715 τέλει

176 1751 344 1837 Ῥωμαίων
363 1753 455 1831 ἐδοξε
476 1753 628 1838 στρατιάς
645 1777 680 1818 τε
699 1754 924 1839 καταγράφειν
941 1753 997 1819 καὶ
1016 1759 1097 1834 τοὺς
1112 1755 1232 1822 ὑπό-σω

143 1881 169 1923 15
182 1884 259 1936 τους
284 1858 493 1945 ἀμφοτέρους
520 1858 657 1942 ἐξιέναι,
684 1861 743 1925 τὸν
770 1857 832 1944 μέν
855 1863 1016 1939 Αἰκανοῖς
1042 1886 1078 1928 τε
1100 1867 1183 1927 πολε-

183 1969 330 2051 μήσοντα
357 1965 412 2032 καί
435 1970 594 2044 Λατίνοις
620 1969 767 2052 τιμωρὸν
795 1966 970 2051 ἐσόμενον,
998 1971 1060 2035 τὸν
1084 1967 1115 2033 δ’
1139 1965 1182 2032 ἐπὶ

149 2079 169 2144 3
190 2076 376 2160 Τυρρηνίας
398 2073 519 2151 ἄξοντα
542 2074 600 2150 τδις
623 2073 788 2156 δυνάμεις.
834 2071 1034 2158 ἀντέπραττε
1054 2071 1093 2140 δέ
1114 2075 1184 2159 πρὸς

182 2189 284 2246 ταῦτα
312 2184 459 2267 Σπόριος
482 2178 614 2255 Ἰκίλιος
640 2189 706 2244 τῶν
734 2178 913 2264 δημάρχων
940 2171 1000 2257 εἷς·
1032 2179 1090 2246 καὶ
1116 2198 1183 2245 συν-

183 2288 274 2370 ἀγων
298 2289 346 2365 είς
369 2286 544 2369 ἐκκλησίαν
567 2289 626 2351 τὸν
649 2286 756 2368 δήμου
780 2282 939 2371 ὁσημέραι
960 2287 1020 2364 τάς
1043 2285 1184 2372 περὶτῆς

143 2413 169 2454 ιο
182 2397 381 2480 κληρουχίας
407 2390 599 2478 ὑποσχέσεις
626 2388 742 2477 ἀπῄτει
777 2392 865 2477 παρὰ
897 2400 954 2475 τῆς
986 2396 1110 2477 βουλῆς
1139 2387 1184 2455 καὶ

183 2496 284 2566 οὐδὲν
312 2497 385 2585 ἔφη’
404 2501 631 2584 συγχωρήσειν
661 2499 737 2563 οὔτε
764 2509 831 2562 τῶν
864 2495 916 2562 ἐπὶ
944 2502 1093 2583 πόλεμον
1119 2498 1184 2563 οὔτε

182 2617 249 2671 τῶν
268 2608 348 2671 κατὰ
366 2609 465 2670 πόλιν
483 2602 537 2668 ὑπ’
561 2603 661 2688 αὐτῆς
678 2601 912 2687 ψηφιζομένων
931 2603 1185 2686 ἐπιτελεσθῆναι,

183 2709 242 2775 ἐὰν
270 2712 313 2794 μή
343 2714 422 2786 τοὺς
449 2708 528 2774 δέκα
557 2710 682 2792 ἀνδρας
709 2708 907 2786 ἀποδείξωσι
934 2712 1099 2795 πρότερον
1125 2709 1184 2792 δρι-

128 2901 130 2904 ·
184 2816 261 2890 στάς
284 2824 341 2896 τής
368 2816 528 2898 δημοσίας
555 2815 679 2899 χώρας,
706 2813 761 2879 καὶ
790 2813 923 2879 διέλωσι
953 2816 1015 2898 τήν
1043 2825 1122 2899 γῆν,
1148 2813 1185 2887 ὡς

255 3050 268 3096 1
289 3040 376 3095 verba
394 3039 465 3095 καθ’
486 3057 575 3110 usque
595 3040 632 3094 ad
651 3039 715 3110 ἄρτι
734 3058 787 3098 om.
807 3042 857 3096 Ba
875 3041 939 3096 add.
960 3041 1062 3112 Bbmg
1078 3043 1082 3115 η
1098 3037 1184 3108 ἐστρα-

185 3111 336 3170 τοπέδευσε
357 3111 379 3166 Ο
399 3129 467 3166 corr.
486 3112 587 3167 Portus
661 3120 676 3166 2
696 3111 727 3167 δὲ
748 3129 802 3167 om.
817 3113 840 3166 B
856 3115 861 3182 Ι
877 3113 970 3167 αὐτῶν
990 3130 1044 3168 om.
1064 3112 1115 3167 AG
1170 3114 1182 3162 9

184 3187 375 3256 συναίρασδαι
395 3185 440 3237 Ba
518 3191 551 3240 10
570 3179 725 3253 ἐξήνεγκαν
745 3181 767 3236 0
785 3183 939 3252 praeterB
1014 3189 1045 3237 11
1066 3187 1184 3254 στρατιᾶς

183 3257 357 3327 Αστρατίας
376 3257 422 3310 Ba
495 3261 527 3310 12
548 3251 679 3316 έαουσίως
695 3253 788 3308 om.A
861 3261 893 3308 13
913 3252 1089 3325 αίρομένηΑ
1156 3254 1183 3304 18

184 3333 309 3392 Σιαίλιος
328 3326 350 3381 0
370 3344 438 3383 corr.
459 3326 580 3398 Sylburg
597 3326 652 3381 hoe
671 3325 732 3380 Ιοοο
754 3323 873 3394 aliisque
952 3331 985 3379 21
1007 3322 1182 3396 συγχωρήσειν

185 3397 232 3456 ἐπὶ
259 3410 314 3455 τῶν
345 3400 485 3469 πολεμίων
514 3399 536 3454 Ο
564 3398 744 3453 correxerunt
776 3395 897 3466 Sylburg
924 3398 953 3450 et
981 3395 1104 3452 Sintenis
1130 3393 1182 3447 Em.

183 3471 264 3526 Dion.
279 3469 319 3524 III
341 3476 372 3524 10
445 3474 479 3524 23
498 3477 608 3539 πρῶτον
628 3469 650 3524 Ο
669 3465 806 3538 πρότερον
824 3466 968 3536 Kiessling
