2484 3876
510 163 670 210 -z..

72 320 255 405 δυνάμεως
276 319 423 404 ἡγεμών·
447 319 466 385 ὁ
486 316 524 386 δὲ
542 323 659 404 ταμίας
676 319 761 386 αὐτὰ
778 321 980 406 παραλαβὼν
998 319 1099 406 ἀπεμ-

2 431 172 513 ιιοιπολᾷ
198 423 252 492 καὶ
279 428 327 502 είς
353 427 391 490 τὸ
421 427 583 510 δημόσιον
606 422 765 511 ἀναφέρει
787 427 827 491 τὰ
849 426 1011 512 χρήματα·
1043 425 1099 493 καὶ

70 541 202 597 τοῦτον
219 534 279 598 τὸν
298 535 416 617 νόμον,
435 530 468 610 ἐξ
487 526 529 598 ού
546 532 646 616 τήνδε
666 533 822 616 οἰκοῦμεν
836 533 896 617 την
909 535 1019 616 πόλιν,
1038 533 1098 619 οὐχ

71 637 169 715 ὅπως
192 635 354 704 κατέλυσέ
373 662 434 722 τις,
457 633 528 704 ἀλλ’
552 633 625 703 οὐδ’
648 633 804 724 ᾐτιάσατο
827 639 872 723 μη
895 636 970 724 οὐχὶ
992 645 1100 717 καλῶς

71 745 183 830 ἔχειν·
211 741 285 809 ἀλλ’
313 740 410 822 οὗτος
432 743 451 809 ὁ
473 743 628 827 Μάρκιος
648 753 778 828 πρῶτος
798 741 852 809 καὶ
877 746 979 828 μένος
1000 745 1098 829 ὑπερ·
1125 767 1139 810 ε

69 850 162 914 ιδὼν
186 849 293 915 αὐτοῦ
314 847 469 934 κειμένου
486 847 542 915 καὶ
560 852 679 935 κυρίου
698 851 794 926 ὄντος
811 849 930 932 ἠξίωσε
950 856 1099 935 σφετερί-

69 961 206 1020 σασθαι
233 956 275 1020 τὰ
301 956 399 1021 κοινά
426 955 536 1040 ἡμῶν,
566 951 593 1020 ὦ
622 955 778 1038 δημόται,
807 955 952 1042 λάφυρα,
980 955 1099 1042 πέρυσι

68 1059 130 1126 καλ
161 1061 207 1126 ού
237 1061 347 1126 πύλαι.
398 1059 633 1146 ποιησαμένων
665 1061 728 1147 γὰρ
759 1059 855 1145 ὑμῶν
886 1062 1133 1148 καταδρομηνδ

67 1177 132 1252 τῆς
155 1165 341 1232 Ἀντιατῶν
368 1175 429 1252 γῆς
455 1165 643 1234 καὶπολλὰ
670 1163 732 1251 μὲν
755 1167 906 1252 σώματα,
932 1169 1038 1234 πολλὰ
1061 1165 1099 1235 δὲ

66 1276 291 1357 βοσκήματα,
320 1275 428 1338 πολὺν
456 1269 493 1338 δὲ
521 1285 632 1356 σῖτον,
660 1272 766 1338 πολλὰ
790 1268 821 1338 δ’
843 1274 927 1339 ἄλλα
949 1275 1099 1360 χρήματα
1113 1297 1140 1338 ιο

65 1377 353 1464 περιβαλομένων
386 1380 461 1445 οὔτε
493 1388 539 1467 τῷ
571 1382 671 1465 ταμίᾳ
702 1374 793 1444 ταῦτ’
824 1377 995 1458 ἀπέδειξεν
1024 1379 1094 1446 οὔτ’

65 1486 177 1561 αὐτὸς
208 1483 416 1569 ἀποδόμενος
437 1490 485 1562 είς
507 1486 545 1551 τὸ
569 1486 732 1569 δημόσιον
754 1483 915 1570 ἀνήνεγκε
937 1487 974 1552 τὸ
998 1485 1099 1570 ἀργύ-

66 1617 167 1674 ριον,
201 1589 286 1656 ἀλλά
310 1587 454 1674 διένειμε
475 1587 531 1656 καὶ
554 1593 787 1676 κατεχαρίσατο
809 1601 879 1668 τοῖς
902 1589 1023 1658 ἑαυτοῦ
1044 1595 1099 1677 φί-

67 1703 144 1774 λοις
166 1698 304 1762 ἅπασαν
322 1697 385 1780 την
402 1699 508 1761 λείαν·
530 1706 628 1764 τοῦτο
648 1696 690 1780 δη
708 1697 906 1782 τυραννίδος
923 1701 1099 1785 τεκμήριον

65 1799 163 1869 εἶναι
189 1799 277 1887 φημὶ
300 1804 337 1868 τὸ
361 1804 473 1888 ἔργον·
496 1812 565 1879 πως
588 1803 651 1887 γὰρ
675 1802 733 1880 οὕς
757 1800 793 1878 ὃς
810 1805 888 1879 τοὺς
906 1799 1027 1870 ἑαυτοῦ
1044 1808 1099 1870 κό-
1114 1826 1139 1867 ιι

66 1909 180 1987 λακάς
201 1932 236 1973 τε
255 1904 310 1972 καὶ
329 1908 612 1993 σωματοφύλακας
629 1905 686 1972 καλ
703 1915 760 1991 τῆς
777 1910 961 1993 μελλούσης
979 1933 1099 1995 τυραν-

65 2017 170 2092 νίδος
193 2015 379 2100 συνεργοὺς
396 2012 433 2079 ἐκ
449 2023 517 2080 τῶν
536 2015 706 2099 δημοσίων
722 2012 890 2098 εὐηργέτει
909 2015 1098 2100 χρημάτων·

10 2119 128 2190 14οικοιὶ
147 2123 264 2204 νόμου
281 2121 463 2184 κατάλυσιν
481 2114 567 2184 εἶναι
585 2119 736 2204 φανερὰν
749 2120 873 2204 ταύτην
887 2117 980 2202 λέγω.
1004 2123 1135 2190 δυεῑν4

68 2229 115 2311 δὴ
143 2226 297 2312 θάτερον
325 2223 527 2310 ἀποφηνάτω
550 2224 731 2309 παρελθὼν
752 2225 920 2311 Μάρκιος,
947 2225 968 2308 ἢ
991 2226 1036 2302 ὡς
1058 2226 1099 2292 οὐ

68 2333 227 2416 διένειμε
256 2333 296 2396 τὰ
323 2331 456 2417 λάφυρα
483 2340 553 2408 τοῖς
579 2328 700 2396 ἑαυτοῦ
726 2334 851 2415 φίλοις,
878 2330 899 2395 ἃ
922 2332 1040 2415 ἔλαβεν
1062 2330 1098 2397 ἐκ
1113 2354 1142 2393 ιο

68 2450 130 2524 τῆς
161 2441 341 2523 πολεμίας,
374 2437 394 2522 ἢ
424 2438 469 2514 ὡς
498 2446 601 2502 ταῦτα
629 2447 735 2502 ποιῶν
765 2436 806 2502 ού
835 2438 991 2502 καταλύει
1022 2439 1100 2514 τοὺς

69 2549 220 2630 νόμους·
254 2538 302 2608 ὧν
330 2541 508 2626 οὐδέτερον
536 2542 603 2620 ἕξει
629 2543 711 2628 πρὸς
737 2543 823 2626 ὑμᾶς
845 2544 960 2608 εἰπεῖν.
1005 2542 1100 2609 αὐτοὶ

70 2653 137 2736 γὰρ
164 2649 339 2736 ἀμφύτερα
363 2657 447 2733 ίστε,
474 2646 612 2714 καὶτὸν
634 2650 741 2732 νόμον
763 2645 818 2714 καὶ
840 2651 877 2714 τὸ
901 2651 1017 2734 ἔργον,
1043 2648 1100 2715 καὶ

74 2757 137 2824 οὐκ
163 2752 280 2822 ἔνεσθ’
301 2755 383 2839 ὑμῖν
406 2750 715 2839 ἀποψηφισαμένοις
737 2751 840 2818 αὐτοῦ
858 2754 897 2818 τὰ
917 2757 1027 2821 δίκαια
1045 2755 1100 2822 καὶ

149 2990 165 3037 1
189 2979 389 3051 ἀπεμπολεῐΟ
410 2978 656 3053 ἀπεμπολ<εῖ>Β
676 2994 744 3032 corr.
764 2977 908 3048 Kiessling
980 2987 996 3035 5
1020 2977 1100 3045 οὗτος

76 3053 126 3124 μὲν
152 3049 207 3108 οὖν
232 3051 247 3106 ὁ
271 3049 402 3121 Μάρκιος
425 3067 448 3105 ο.
467 3051 611 3120 Kiessling
633 3047 694 3103 ἀλλ’
716 3043 796 3111 οὗτος
819 3048 834 3103 ὁ
857 3052 898 3104 Μ.
921 3059 1029 3121 πρῶτος
1051 3053 1100 3107 καλ

76 3124 164 3194 μένος
184 3123 294 3191 Kayser
312 3121 384 3176 Ann.
402 3120 472 3191 phil.
493 3127 562 3177 1868
602 3165 607 3177 .
623 3127 676 3175 815
740 3127 756 3174 6
776 3119 856 3181 ὄντος
874 3118 959 3189 μόνος
977 3123 1001 3173 Α
1020 3121 1100 3184 ὄντος

76 3204 189 3264 πρῶτος
207 3193 258 3247 καλ
276 3191 401 3262 μύνοςΒ
463 3141 599 3263 θύμωνά
609 3193 703 3246 αὐτῶν
720 3189 746 3243 Α
806 3195 837 3243 11
857 3189 1099 3263 περιβαλλομένων

14 3315 15 3328 ³
77 3261 229 3336 ΒΙταύθ’
245 3262 392 3329 ὑπέδειξεν
411 3262 458 3316 Bb
533 3269 565 3318 17
586 3258 617 3317 ἐκ
636 3260 700 3315 add.
719 3260 742 3312 Β
759 3262 763 3331 Ι
780 3262 922 3330 εὐεργετεῖ
934 3261 957 3313 Β
974 3263 978 3328 Ι
993 3261 1100 3384 χρημά-

78 3357 131 3390 των
150 3355 185 3390 τε
204 3334 297 3389 καλΑ
354 3339 386 3388 19
405 3333 573 3403 ἀπεφήνατο
592 3333 639 3387 Βε,
694 3335 729 3384 24
747 3332 796 3385 καὶ
815 3331 873 3402 [τὰ]
889 3330 993 3398 εὔορκα
1033 3332 1100 3385 obet

79 3408 144 3462 Obs.
164 3411 263 3476 p.14‘1

903 3484 939 3538 7*
