2538 3884
506 218 674 271 -Θ-
1031 219 1097 286 349

66 379 210 461 πολλὴν
238 376 407 444 εὐπέτειαν
431 413 474 426 -··
497 379 533 444 οἱ
557 379 621 464 γὰρ
648 377 784 463 πένητες
809 379 959 459 ἐξέλιπον
981 385 1019 448 τὸ
1042 405 1098 449 πε-

69 487 168 570 δίον,
189 483 304 569 ἐπειδὴ
322 485 381 550 τὸν
400 485 508 570 ἀνδρα
525 486 623 550 τόνδε
642 484 874 570 ὀνομασθέντα
891 489 1040 571 ἥκουσαν
1055 527 1096 536 -

68 589 379 677 παραλαμβάνουσι
406 592 469 675 τὴν
494 591 655 658 ὑπατείαν
686 595 783 670 Τίτος
809 595 964 671 Κοίντιος
991 597 1098 660 Καπι-

69 703 223 774 τωλῖνος
245 695 300 762 καλ
314 695 455 774 Ἄππιος
477 699 647 776 Κλαύδιος
668 701 834 784 Σαβῖνος,
857 701 933 766 οὔτε
955 702 1013 778 τὰς
1034 703 1098 786 φύ-

72 822 150 882 σεις
173 805 251 870 οὔτε
271 805 331 881 τδς
347 801 556 890 προαιρέσεις
574 806 705 890 ἔχοντες
722 805 845 890 ὁμοίας.
879 803 1018 872 Ἀππίου
1036 795 1138 910 μὲνῖ5

71 912 147 996 γὰρ
174 905 219 994 ἦν
246 911 360 995 γνώμη
388 918 551 995 περισπᾶν
579 908 655 995 περὶ
680 911 739 990 τὰς
761 911 823 990 ἔξω
847 917 1018 999 στρατείας
1038 916 1099 980 τὸν

73 1017 189 1102 ἀργὸν
220 1014 275 1082 καὶ
306 1015 429 1102 πένητα
459 1017 583 1101 δῆμον,
616 1017 672 1082 ἵνα
700 1029 770 1084 τῶν
798 1041 832 1084 τε
862 1015 940 1084 καθ’
972 1018 1098 1106 ἡμέραν

74 1123 275 1208 ἀναγκαίαν
293 1122 329 1188 ἐκ
346 1132 405 1208 τῆς
422 1126 580 1207 πολεμίας
597 1121 750 1210 εὐπορῶν
767 1137 837 1202 τοῖς
855 1126 959 1192 αὑτοῦ
971 1129 1099 1211 πόνοις,

76 1225 128 1296 ὧν
159 1229 198 1296 έν
224 1232 318 1318 χρείᾳ
345 1229 487 1314 μάλιστα
513 1229 655 1316 ὑπῆρχε,
681 1228 737 1296 καλ
761 1232 802 1295 τὰ
825 1231 1037 1318 συμφέροντα
1059 1241 1098 1319 τῇ

75 1339 179 1402 πόλει
207 1337 501 1422 διαπραττόμενος,
527 1335 647 1418 ἥκιστα
672 1347 743 1413 τοῖς
769 1335 805 1402 όκ
831 1347 893 1404 τοῦ
920 1341 1099 1424 συνεδρίου
1114 1364 1140 1405 ιο

79 1445 252 1509 διοικοῦσι
273 1443 314 1507 τδ
336 1443 433 1508 κοινά
456 1443 623 1527 δυσμενής
644 1465 679 1508 τε
701 1439 757 1508 καὶ
779 1446 920 1528 χαλεπὸς
942 1438 978 1530 ᾖ·
1003 1442 1100 1511 πολέ-

78 1573 149 1634 μου
181 1545 219 1614 δδ
248 1557 358 1614 πᾶσαν
385 1549 522 1614 ἔσεσθαι
550 1551 720 1634 πρόφασιν
747 1547 889 1632 εὔλογον
916 1546 1099 1634 ἀπέφαινεν

78 1656 266 1740 ἡγεμονίας
292 1654 552 1742 ἀντιποιουμένῃ
581 1657 676 1720 πόλει
703 1652 758 1720 καί
784 1655 850 1722 ὑπὸ
872 1654 1007 1721 πόντον
1031 1654 1100 1722 ἐπι-

80 1759 326 1848 φθονουμένῃ,
348 1760 431 1827 κατό
453 1783 488 1825 τε
511 1762 548 1826 τὸ
572 1761 661 1837 εἰκὸς
682 1771 753 1838 τοίς
774 1766 950 1845 γεγονόσιν
973 1763 1037 1847 ἤδη
1060 1764 1100 1828 τδι

81 1869 248 1953 μέλλοντα
271 1867 413 1946 είκάζειν
433 1865 540 1951 ἠξίου,
562 1864 806 1952 ἐπιλεγόμενος,
829 1867 904 1934 ὅσαι
926 1870 991 1953 ἤδη
1009 1872 1100 1954 κινοί-
1115 1891 1141 1934 ιι

81 1992 153 2052 σεις
181 1972 336 2059 ἐγένοντο
364 1972 402 2039 έν
428 1983 467 2059 τῇ
494 1975 605 2057 πόλει,
635 1973 686 2038 ότι
712 1982 815 2040 πᾶσαι
837 1976 919 2042 κατὰ
942 1975 999 2053 τὰς
1022 1975 1101 2042 ἀνα-

22 2083 215 2159 ιεύοπαύλας
237 2080 392 2164 ἐγένοντο
415 2089 482 2145 τῶν
500 2076 663 2163 πολέμου.
695 2081 842 2170 Κοιντίῳ
861 2077 894 2146 δ’
913 2080 975 2146 οὐκ
993 2080 1135 2153 έδόκει3

81 2191 233 2272 πόλεμον
260 2184 412 2272 ἐκφέρειν
440 2182 578 2268 οὐδένα,
610 2184 779 2269 ἀγαπητὸν
806 2185 1042 2271 ἀποφαίνοντι,
1070 2191 1102 2253 εί

81 2296 169 2378 πρὸς
190 2295 269 2370 τούς
291 2291 493 2376 ἀναγκαίους
514 2313 551 2356 τε
571 2288 627 2356 καλ
645 2289 771 2368 ἔξωθεν
788 2289 1013 2376 ἀπαγομένους
1030 2317 1100 2359 κιν-

83 2401 213 2477 δύνους
234 2400 441 2483 καλούμενος
461 2398 480 2464 ὁ
503 2398 608 2482 δῆμος
629 2396 789 2480 εὐπειθὴς
810 2394 954 2483 γένοιτο,
975 2398 1030 2464 καλ
1052 2402 1101 2466 δι-
1115 2423 1142 2464 ιο

84 2508 258 2590 δόσκοντι,
281 2505 324 2583 ὡς
347 2507 378 2570 εί
399 2508 478 2590 βίαν
500 2502 704 2590 προσάξουσι
727 2514 798 2580 τοῖς
819 2505 863 2588 μὴ
887 2504 1101 2590 πειθομένοις

83 2615 135 2690 είς
152 2612 318 2680 ἀπόνοιαν
336 2611 584 2694 ἀναγκάσωσιν
601 2608 716 2675 έλθελν
729 2611 766 2676 τὸ
782 2612 972 2696 δημοτικόν,
992 2614 1101 2696 ὥσπερ

84 2718 141 2785 καὶ
160 2720 197 2784 οί
212 2720 276 2802 πρὸ
296 2719 405 2784 αὐτῶν
424 2715 585 2801 ἐποίησαν
601 2716 735 2782 ὕπατοι·
755 2716 790 2795 ἐξ
809 2712 856 2783 ὧν
869 2719 1102 2785 κινδυνεύσειν

86 2826 210 2903 αὐτούς
233 2827 327 2892 δυεῖν
349 2824 506 2909 θάτερον,
529 2821 549 2907 ἦ
574 2819 617 2888 δι’
641 2823 777 2908 αἵματος
798 2821 854 2888 καὶ
872 2827 989 2909 φόνων
1005 2850 1102 2893 κατα-

85 2941 213 2997 παῦσαι
239 2932 300 3015 τὴν
329 2929 462 3012 στάσιν,
489 2928 509 3012 ἦ
537 2930 738 3014 θεραπεύειν
761 2932 904 3016 αίσχρῶς
925 2932 1142 3017 ὑπομείναιτε

159 3128 175 3176 2
194 3121 246 3177 τὸν
263 3137 317 3177 om.
335 3123 361 3176 A
415 3127 431 3176 θ
450 3117 568 3182 Κόιντος
586 3120 640 3175 hoc
658 3121 720 3175 Ιοοο
740 3119 859 3190 aliisque
878 3123 932 3176 AB
949 3139 1001 3191 pro
1018 3125 1101 3177 Κοίν-

86 3213 146 3256 τιος
237 3199 255 3248 6
277 3189 324 3248 ἐπὶ
341 3192 393 3256 τάς
410 3190 464 3258 ἔξω
481 3208 504 3246 c.
525 3191 647 3261 Sylburg
669 3191 735 3262 περὶ
753 3198 814 3255 ταῖς
833 3191 886 3258 ἔξω
904 3194 1060 3261 στρατείαις
1078 3209 1101 3248 ο.

86 3263 191 3320 Reiske
259 3270 275 3320 8
294 3266 381 3320 αὐτοῦ
399 3263 423 3318 Β
492 3267 523 3316 11
545 3264 736 3318 σννδιοικονσι
753 3263 778 3316 Δ
797 3271 958 3318 οννοικούσι
975 3262 1023 3318 ΒΟ
1042 3280 1102 3318 cor-

85 3335 163 3390 rexit
180 3335 303 3406 Sylburg
376 3341 409 3391 1³
434 3332 475 3390 ἔτι
493 3331 680 3406 φθονουμένρ
698 3333 801 3389 maluit
819 3333 979 3404 Stephanus
998 3329 1103 3403 έπιφα·

87 3416 143 3470 νῶς
162 3406 349 3480 φθονουμένγ
368 3424 391 3462 ο.
410 3405 514 3462 Reiske
592 3413 625 3461 16
644 3404 729 3477 κατὰ]
749 3405 818 3475 μετὰ
836 3423 858 3460 ο.
875 3403 997 3474 Sylburg
1068 3413 1102 3463 18

88 3475 195 3533 οὐδένα
214 3493 268 3532 om.
287 3479 311 3532 B
331 3485 336 3548 Ι
360 3473 540 3546 δπιφαίνοντι
558 3476 603 3531 Ba
