2496 3878
486 221 645 270 -Ζ-
1028 217 1070 282 37

125 375 245 441 XXHI.
273 381 318 443 Εί
339 377 379 444 δέ
398 367 487 446 τισιν
507 380 603 463 ὑμῶν
622 380 716 446 δεινὰ
734 377 796 464 μέν
818 381 858 445 τά
880 389 940 448 τοῦ
957 329 1073 465 ’δήμου

70 478 242 567 ἐργατίναι
261 485 363 567 δοκεῖ,
386 484 441 550 καὶ
459 486 649 552 κωλύεσθαι
668 487 770 552 αύτδν
791 492 917 553 οίονται
942 487 1014 552 δεῖν
1032 487 1073 552 τὰ

68 589 153 654 λοιπὰ
181 587 467 675 ἐξαμαρτάνοντα,
494 591 568 669 δέος
596 588 627 657 δ’
654 589 851 679 είσέρχεται,
876 593 921 677 μή
950 591 1072 671 δόξωσι

68 696 146 759 λύειν
177 696 238 771 τάς
271 695 449 780 ὁμολογίας
479 700 634 782 πρότεροι
664 694 719 762 καὶ
745 700 965 783 παραβαίνειν
995 700 1075 774 τοὺς

24 801 187 886 ιειιὸρκους,
209 802 404 886 γνώτωσαν,
426 801 478 868 δτι
496 803 556 868 οῦκ
575 803 743 889 ἄρχοντες,
763 799 834 869 ἀλλ’
857 801 1072 887 ἀμυνόμενοι,
1099 823 1113 864 ε

68 904 128 971 οὐδ’
143 905 365 993 ἀναιροῦντες
383 909 441 985 τάς
459 909 647 993 ὁμολογίας,
670 907 754 976 ἀλλά
772 911 851 986 τοὺς
868 907 1074 996 ἀνῃρηκότας

66 1014 301 1098 τιμωρούμενοι
331 1013 427 1095 [αὐτὸ
450 1015 608 1101 δρῶσιν],
635 1013 782 1080 ἀναίτιοί
804 1037 839 1080 τε
867 1017 950 1101 πρὸς
971 1017 1074 1092 θεοὺς

68 1121 185 1184 ἔσονται
218 1116 277 1184 καὶ
310 1115 364 1183 ἐπὶ
396 1126 442 1207 τῷ
474 1117 621 1209 σφετέρῳ
654 1119 859 1206 συμφέροντι
891 1121 931 1186 τά
963 1122 1074 1187 δίκαια

66 1224 226 1310 πράξουσι.
271 1223 354 1308 μέγα
378 1222 409 1289 δ’
435 1225 515 1309 ὑμῖν
538 1223 690 1310 γενέσθω
713 1227 907 1313 τεκμήριον,
934 1225 984 1292 ὅτι
1013 1230 1109 1295 τοῦ2

65 1333 144 1397 λύειν
162 1332 224 1408 τὰς
244 1331 423 1415 ὁμολογίας
446 1329 500 1396 καὶ
518 1333 766 1418 παρασπονδεῖν
785 1331 846 1418 οὐχ
864 1332 969 1418 ὑμεῖς,
989 1332 1074 1400 ἀλλὰ
1089 1351 1115 1392 ιο

65 1440 93 1503 τὸ
118 1439 303 1522 δημοτικὸν
330 1439 424 1524 άρχει
451 1435 549 1523 μέρος
576 1437 638 1504 οὐκ
670 1437 786 1518 ἀξιοῦν
816 1436 987 1522 ἐμμένειν,
1019 1435 1071 1523 ἐφ’

65 1535 105 1620 οἷς
125 1544 245 1630 εὕρετο
269 1546 331 1627 τήν
354 1544 520 1610 κάθοδον·
544 1543 585 1610 ού
607 1545 671 1629 γὰρ
695 1542 749 1609 ἐπὶ
766 1551 812 1630 τηλ
830 1554 937 1620 κακῶς
955 1543 1075 1630 δράσαι

64 1652 114 1733 τήν
139 1651 291 1734 βουλήν,
322 1647 394 1716 ἀλλ’
421 1649 474 1716 ἐπὶ
501 1659 547 1738 τῷ
578 1651 623 1734 μή
650 1647 707 1715 ὑπ’
734 1649 862 1734 ἐκείνης
887 1656 1075 1716 κακοῦσθαι

17 1843 18 1848 ¹
62 1757 113 1838 τήν
134 1767 207 1822 τῶν
231 1755 412 1842 δημάρχων
435 1755 589 1834 ἐξουσίαν
608 1753 761 1842 ήτήσατο.
801 1765 919 1843 χρήται
937 1753 969 1820 δ’
990 1755 1073 1842 αὐτή

17 1857 19 1944 ,
63 1861 161 1927 οὐκέτι
194 1864 245 1938 είς
276 1861 297 1927 δ
328 1863 381 1926 δεῖ
402 1859 475 1928 οὐδ’
503 1859 555 1947 ἐφ’
582 1852 633 1939 οἷς
660 1862 793 1947 εὕρετο,
823 1859 896 1928 ἀλλ’
923 1859 975 1927 ἐπὶ
1003 1863 1115 1927 δια-τε

62 1975 166 2054 φθορᾷ
192 1965 252 2032 καὶ
276 1967 434 2051 συγχύσει
457 1977 516 2052 τής
537 1971 678 2054 πατρίου
697 1971 871 2045 πολιτείας.
903 1963 1110 2053 μέμνησθε3

62 2075 113 2160 γάρ
141 2076 259 2158 δήπου
282 2075 344 2157 τήν
366 2070 485 2138 νεωστὶ
514 2071 699 2158 γενομένην
722 2073 900 2159 ἐκκλησίαν
921 2071 976 2138 καλ
998 2076 1077 2150 τούς

62 2179 115 2245 ὑπὸ
138 2191 214 2245 τῶν
237 2181 447 2262 δημαγωγῶν
471 2176 636 2264 ῥηθέντας
663 2178 701 2244 ἐν
723 2179 805 2265 αὐτῇ
829 2182 966 2263 λόγους,
992 2179 1076 2262 ὁσην

62 2284 270 2365 ἐπεδείξαντο
294 2277 480 2350 αὐθάδειάν
502 2307 536 2350 τε
559 2283 615 2349 καὶ
638 2283 817 2369 ἀκοσμίαν,
839 2284 896 2350 καὶ
917 2293 997 2368 νῦν,
1020 2281 1073 2368 ἐφ’

62 2393 124 2458 οἵου
138 2391 234 2457 είσὶν
254 2392 442 2477 αὐχήματος
460 2393 496 2457 οί
507 2387 612 2476 μηδὲν
626 2387 717 2474 ῦγιδς
731 2400 945 2477 φρονοῦντες,
962 2388 1075 2474 ἐπειδή
1090 2409 1118 2449 το

61 2500 224 2582 ἔγνωσαν,
254 2498 300 2574 ὡς
328 2496 365 2564 ἐν
387 2506 426 2582 τῇ
453 2500 554 2587 ψήφφ
583 2496 673 2564 ἐστὶν
700 2499 788 2563 άπαν
810 2500 848 2563 τὸ
870 2506 928 2580 τῆς
949 2499 1076 2572 πόλεως

19 2606 188 2690 ῖιιετράτος,
214 2599 256 2688 ἧς
282 2601 376 2669 αὐτοὶ
398 2605 599 2689 κρατήσουσι
621 2608 757 2682 πλείους
783 2604 877 2688 ήμῶν
901 2603 1003 2680 ὄντες.
1043 2605 1080 2667 τί
1089 2606 1112 2671 4

62 2705 111 2774 οὖν
134 2713 377 2776 καταλείπεται
399 2721 509 2775 ποιεῖν
525 2710 605 2794 ήμῖν
623 2708 795 2795 ἀρξάντων
815 2712 951 2774 ἐκείνων
973 2730 1078 2796 παρα-

63 2819 219 2881 σπονδεῖν
246 2813 305 2880 καὶ
331 2827 552 2900 παρανομεῖν,
583 2817 615 2880 εί
645 2815 689 2900 μή
717 2818 755 2882 τὸ
786 2813 974 2899 ἀμύνεσθαι
1001 2819 1079 2892 τοὺς

62 2922 237 3004 εἴρξαντας,
269 2917 327 2986 καδ
354 2921 375 2986 δ
401 2920 481 2998 τέως
504 2919 628 2998 ἀδίκως
651 2923 784 3006 ἔχουσιν
807 2918 992 3006 ἀφελέσθαι
1015 2924 1078 2987 σὺν
1092 2939 1122 2981 τε

62 3029 140 3116 δίκη,
172 3026 236 3094 καὶ
261 3028 310 3104 είς
333 3029 369 3092 τὸ
392 3029 511 3093 λοιπὸν
532 3037 657 3093 παῦσαι
679 3029 845 3095 πλειόνων
868 3026 1077 3113 ἐφιεμένους·

119 3192 135 3239 2
156 3185 174 3218 *
191 3182 379 3239 κεκωλῦσθαι
398 3182 429 3252 0,
449 3183 498 3236 σεδ
517 3203 548 3238 κε
569 3183 680 3252 syllaba
697 3182 728 3237 in
745 3183 770 3236 A
787 3200 804 3238 a
821 3201 895 3239 man.
915 3184 964 3239 alt.
979 3183 1079 3238 addita

63 3259 94 3310 est
105 3256 282 3312 κωλύεσθαι
295 3271 349 3324 ego
404 3262 420 3308 ὁ
439 3249 490 3308 ἐὰν
505 3255 556 3309 οὸκ
574 3286 601 3294 -
620 3255 724 3324 δρῶσιν
738 3254 876 3312 ο.1ῖοίε1τε
890 3254 958 3308 αὐτὸ
974 3254 1082 3324 δρῶσιν

64 3325 103 3382 δελ.
121 3329 241 3398 Kayser
259 3325 334 3380 Ann.
353 3323 423 3394 phil.
440 3330 507 3379 1868
526 3344 553 3394 p.
569 3332 620 3380 813
641 3333 723 3380 τοῦτο
742 3325 846 3395 δρῶσιν
864 3341 887 3379 ο.
906 3324 1051 3394 Kiessling

65 3397 109 3450 ἀλλ’
130 3415 190 3453 om.
213 3395 268 3450 Ac
326 3401 359 3449 14
378 3394 520 3469 χρήτ<αι>
538 3396 585 3449 Bb
641 3402 674 3450 22
693 3389 738 3466 ἧς]
758 3394 848 3449 καλΒ
907 3393 1065 3456 ῦὸδιτέως

65 3467 99 3524 διε
116 3469 201 3525 ABG
224 3467 278 3522 ἅτε
296 3464 364 3529 τέως
382 3466 456 3535 Gmg
