2538 3884
510 216 678 269 -Θ-
1034 215 1100 281 379

71 381 168 455 λεώς
190 374 382 464 ἐπεχείρουν
404 383 584 444 ποιεῖσθαι.
621 376 802 463 γενομένης
826 375 864 444 δὲ
886 385 956 456 τοϊς
974 374 1101 444 Ἀντιό-

70 507 155 561 ταις
177 484 332 568 γνώσεως
355 486 561 568 κωλυόμενοι
584 487 667 570 πρὸς
685 484 795 551 αὐτῶν
813 482 946 551 ἀπιέναι
964 486 1101 571 γνώμην

73 588 260 656 ἐποιοῦντο
296 590 506 674 παραδοῦναι
533 586 705 674 Ῥωμαίοις
737 589 867 658 ἐπιοῦσι
898 591 960 674 την
991 595 1099 658 πόλιν.

72 705 182 762 τοῦτο
206 699 372 781 μαθόντες
394 695 430 761 ἐκ
453 697 626 781 μηνύσεως
643 698 679 763 οί
691 694 857 763 Ἀντιᾶται
875 705 921 786 τῳ
940 720 976 763 τε
994 707 1098 785 καιρῷ
1114 701 1134 766 8

74 808 228 886 εἴκουσι,
254 799 429 888 καὶκοινῇ
452 799 521 886 μετ’
549 800 686 869 ἐκείνων
709 803 972 888 βουλευσάμενοι
995 824 1098 890 παρα·
1126 827 1140 869 ε

74 909 217 974 διδόασι
244 917 289 996 τῳ
313 911 460 998 Κοιντίῳ
487 910 549 994 τὴν
574 912 689 994 πόλιν,
717 906 768 995 ἐφ’
796 903 822 998 ᾧ
846 911 1015 987 Αἰκανοὺς
1037 906 1099 994 μὲν

72 1014 318 1092 ὑποσπόνδους
349 1014 526 1101 ἀπελθεῖν,
553 1013 724 1093 Ἀντιάτας
756 1012 794 1082 δέ
825 1018 979 1103 φρουρὰν
1007 1014 1100 1095 δέξα-

75 1127 166 1187 σθαι
184 1119 297 1188 καὶτὰ
316 1125 517 1206 κελευόμενα
535 1123 601 1188 ὑπὸ
615 1120 784 1207 Ῥωμαίων
801 1132 920 1187 ποιεῖν.
953 1121 1006 1188 ἐπί
1023 1124 1099 1188 τού-

76 1249 154 1306 τοις
171 1228 287 1313 κόριος
304 1232 483 1313 γενόμενος
501 1237 558 1313 τῆς
575 1231 702 1306 πόλεως
720 1229 738 1295 ὁ
757 1228 890 1314 ὕπατος,
913 1226 969 1294 καὶ
987 1231 1100 1312 λαβών

8 1333 214 1412 ιεοεόψώνιά
236 1356 272 1398 τε
289 1332 346 1399 καὶ
362 1329 476 1419 τᾶλλα,
500 1335 589 1402 ὅσον
608 1335 675 1400 ἔδει
693 1343 733 1420 τῇ
752 1342 897 1422 στρατιᾷ,
920 1333 976 1400 καὶ
994 1331 1099 1422 φρου-
1113 1359 1140 1399 ιο

77 1442 148 1525 ρὰν
172 1438 424 1525 ἐγκαταστήσας,
447 1439 552 1526 ἀπῆγε
570 1442 631 1526 τὴν
651 1442 808 1525 δύναμιν·
833 1437 912 1506 ἀνθ’
930 1436 978 1506 ών
996 1441 1099 1508 αὐτὸν

79 1546 99 1630 ἡ
121 1546 228 1631 βουλὴ
247 1547 429 1641 ὑπαντήσει
446 1571 481 1613 τε
499 1549 729 1636 φιλανθρώπῳ
744 1545 888 1632 ἐδέξατο,
907 1545 962 1612 καλ
976 1548 1099 1632 θριάμ-
1167 1575 1175 1611 ι

76 1656 147 1737 βου
169 1662 282 1739 πομπῇ
307 1653 468 1739 ἐτίμησεν.

149 1757 290 1824 LVIIII.
320 1755 376 1824 Ἐν
404 1756 442 1825 δδ
468 1769 514 1849 τῳ
542 1761 623 1845 μετὰ
645 1761 790 1837 τούτους,
807 1761 871 1825 ἔτει
893 1759 1014 1825 ὕπατοι
1037 1756 1099 1845 μὲν

77 1859 170 1949 ἦσαν
198 1864 349 1951 Τιβέριος
366 1868 521 1951 Αἰμίλιος
542 1868 580 1933 τὸ
605 1868 762 1954 δεύτερον
785 1865 840 1932 καί
862 1869 1004 1943 Κόιντος
1029 1866 1098 1932 Φοί·
1113 1886 1138 1928 ιε

78 1975 172 2056 βιος,
200 1967 275 2048 ἑνὸς
301 1980 368 2037 τῶν
394 1983 495 2059 τριῶν
519 1971 673 2058 ἀδελφῶν
696 1972 769 2049 υίὸς
790 1982 858 2037 τῶν
880 1970 1099 2057 ἡγησαμένων

78 2100 116 2142 τε
145 2085 204 2161 τῆς
228 2076 467 2162 ἀποσταλείσης
488 2088 639 2165 φρουρᾶς
661 2080 709 2156 είς
731 2074 923 2164 Κρεμέραν,
949 2075 1004 2143 καὶ
1028 2080 1100 2143 δια-

79 2181 285 2269 φθαρέντων
313 2182 382 2249 ἐκεί
409 2185 474 2249 σὺν
497 2194 567 2260 τοῖς
588 2183 750 2259 πελάταις.
795 2182 816 2266 ἡ
841 2179 878 2247 δὲ
900 2184 1007 2268 βουλὴ
1031 2194 1099 2250 τῶν

80 2290 264 2376 δημάρχων
287 2289 537 2357 ἀνακινούντων
559 2289 660 2354 πόλιν
682 2291 720 2355 τὸ
743 2293 873 2372 πλῆθος
892 2287 945 2355 ἐπὶ
963 2299 1003 2376 τῇ
1021 2296 1099 2375 κλη-

80 2398 219 2484 ρουχία,
253 2393 309 2460 καὶ
342 2393 654 2480 συναγωνιζομένου
685 2392 832 2480 θατέρου
862 2405 930 2461 τῶν
961 2396 1099 2462 ὑπάτων
1112 2417 1139 2456 20

81 2502 199 2579 αὐτοῖς
219 2503 377 2586 Λίμιλίου
402 2503 510 2587 δόγμα
533 2501 732 2586 ἐπεκύρωσε,
753 2503 965 2586 θεραπεῦσαί
980 2525 1014 2567 τε
1044 2500 1099 2567 καὶ

81 2608 265 2692 ἀναλαβεῖν
301 2611 380 2686 τοὺς
410 2606 551 2693 πένητας
581 2606 789 2694 βουλομένη,
826 2608 996 2692 διανεῖμαί
1023 2631 1099 2673 τινα

81 2726 205 2802 μοῖραν
227 2715 341 2792 αὐτοῖς
359 2714 395 2780 ἐκ
413 2724 470 2799 της
484 2711 664 2781 Ἀντιατῶν
680 2715 800 2801 χώρας,
822 2713 865 2798 ἣν
882 2721 928 2802 τῷ
947 2711 1098 2804 προτέρῳ

81 2823 148 2886 ἔτει
172 2821 287 2906 δόρατι
311 2819 441 2899 ἑλόντες
462 2820 629 2906 κατέσχον.
675 2818 730 2886 καλ
753 2818 1001 2907 ἀπεδείχθησαν
1024 2819 1134 2904 ἥγε-2

82 2929 183 3012 μόυες
205 2935 263 3011 τῆς
285 2930 483 3012 κληρουχίας
511 2929 606 3004 Τίτος
628 2929 785 3004 Κοίντιος
807 2931 1048 3012 Καπιτωλῖνος,
1072 2921 1139 3015 ςδεῑι

17 3030 273 3119 ιεοοπαρέδοσαν
288 3029 452 3098 Ἀντιᾶται
476 3042 561 3119 σφᾶς
583 3033 719 3119 αὐτούς,
739 3031 795 3100 καὶ
820 3035 884 3100 σὺν
906 3033 995 3121 αὐτῷ
1013 3033 1100 3098 Λεό-

155 3267 171 3314 2
190 3260 366 3331 κωλυόμενοί
380 3280 410 3316 τε
428 3262 498 3332 πρὸς
516 3263 541 3315 Α
614 3267 629 3316 3
649 3260 700 3329 τὴν
718 3260 801 3315 πόλιν
820 3276 873 3316 om.
888 3260 936 3313 Ba
1008 3265 1024 3314 8
1043 3259 1098 3314 όπδ

78 3331 223 3402 Ῥωμαίων
240 3332 397 3391 delendum
420 3349 480 3387 εεεο
504 3334 599 3388 censet
617 3331 761 3401 Kiessling
833 3337 866 3385 12
890 3331 1100 3400 φιλανθρώπως

83 3403 107 3455 Β
218 3410 250 3458 17
275 3401 405 3474 Κρέμερα
428 3403 507 3458 ABG
621 3409 655 3458 22
682 3399 852 3475 βουλομένης
874 3400 900 3455 A
1008 3407 1041 3456 23
1068 3396 1100 3456 ἐκ

84 3473 176 3547 (mc)
194 3473 217 3527 Β
