2508 3882
151 206 217 271 εει
572 207 742 257 -ν-

151 370 253 434 κακόν
276 391 309 432 τε
334 366 389 432 καὶ
409 367 619 453 ἀπρόθυμον,
643 364 802 450 διαμένον
821 365 858 430 ἐν
876 375 946 442 τοῖς
965 366 1168 448 δημοτικοῖς,

151 472 185 551 ἐξ
209 468 251 537 οὗ
273 470 349 559 περὶ
373 481 430 556 τῆς
451 477 650 558 κληρουχίας
669 474 914 555 διεστασίασαν,
936 471 1166 556 ὑφορώμενοι·

152 581 199 643 ε”τι
230 579 292 661 γάρ
323 579 435 655 αὐτοῖς
464 581 587 643 ἔναυλα
616 575 670 642 καὶ
700 578 765 662 πρὸ
796 577 952 660 ὀμμάτων
981 572 1040 660 ἣν,
1067 576 1087 640 δ
1114 585 1166 662 τῷ
1248 623 1249 662 3

150 685 353 769 παρελθόντι
385 684 525 771 ἐνιαυτῷ
558 684 640 748 κατὰ
671 685 709 748 τὸ
740 685 876 765 ἔγκοτον
905 692 964 766 τῆς
993 684 1074 768 πρὸς
1103 683 1166 746 τὸν

125 817 138 856 ε
151 790 277 856 ὕπατον
291 800 386 875 τιμῆς
404 790 522 876 αἰσχρὰ
540 786 595 854 καὶ
614 788 731 866 ἀνάξια
745 797 802 872 τῆς
815 791 943 865 πόλεως
957 788 1165 872 εἰργάσαντο,

150 900 447 982 παραχωρήσαντες
476 905 533 979 τῆς
560 899 653 979 νίκης
680 905 749 971 τοῖς
775 894 947 978 ἡττηθεῖσι
974 892 1029 958 καὶ
1056 904 1165 979 φυγῆς

151 1003 279 1078 όνειδος
298 1003 359 1068 οὐκ
378 996 501 1085 ἀληθές
518 1001 766 1085 ὑπομείναντες,
784 1001 841 1066 ἵνα
859 1000 903 1084 μὴ
921 1000 1091 1086 καταγάγῃ
1105 1002 1164 1064 τὸν

36 1153 39 1160 -
151 1107 312 1172 ἐπινίκιον
334 1110 504 1193 θρίαμβον
527 1107 545 1173 ὁ
569 1106 662 1194 άνηρ.

217 1211 308 1279 VIII.
332 1216 540 1296 Βουλόμενοι
563 1213 604 1296 δὴ
628 1215 665 1278 τὸ
689 1213 863 1296 στασιάζον
882 1210 917 1277 ἐκ
935 1221 994 1296 τῆς
1011 1221 1165 1296 στρατιᾶς

112 1346 137 1384 ιο
152 1315 275 1395 ἐξελεῖν
297 1321 344 1394 εἰς
366 1317 458 1395 τέλος
480 1317 535 1384 καί
558 1328 758 1403 καταστῆσαι
780 1319 880 1383 πάλιν
903 1321 951 1395 εἰς
973 1319 1036 1402 τὴν
1055 1317 1089 1395 ἐξ
1108 1317 1164 1398 άρ-
1249 1387 1250 1398 χ

151 1431 209 1507 χῆς
233 1423 393 1507 ὁμόνοιαν
417 1425 504 1489 ἅπαν
522 1426 560 1489 τὸ
578 1428 719 1508 πλῆθος,
741 1421 796 1489 καὶ
815 1425 862 1500 εἰς
880 1423 918 1488 ἓν
936 1432 1035 1489 τοῦτο
1053 1432 1163 1488 πᾶσαν

150 1531 380 1615 εἰσφερόμενοι
403 1534 531 1615 βουλην
553 1553 588 1594 τε
610 1528 666 1594 καί
684 1533 859 1612 πρόνοιαν,
881 1528 994 1613 ἐπειδὴ
1014 1530 1091 1594 οὔτε
1111 1553 1164 1594 κο-

150 1636 243 1700 λάσει
261 1634 382 1721 μέρους
399 1637 490 1711 τινὸς
508 1634 781 1720 σωφρονέστερον
795 1633 980 1700 ἀποδοῦναι
993 1638 1031 1700 τὸ
1046 1638 1164 1701 λοιπὸν

150 1736 208 1822 ἦν,
235 1743 321 1805 πολὺ
349 1737 405 1805 καὶ
432 1742 580 1816 αὔθαδες
607 1741 756 1827 ὑπάρχον
783 1739 838 1806 καί
860 1741 900 1806 τά
923 1741 1008 1806 ὅπλα
1032 1741 1069 1805 ἐν
1092 1753 1231 1817 ταῖςιιεο

111 1869 136 1914 15
150 1843 264 1929 χερσὶν
293 1849 384 1930 ἔχον,
412 1847 489 1912 οὔτε
516 1853 632 1912 πειθοῖ
656 1846 927 1932 προσαγαγέσθαι
954 1850 1063 1930 λόγων
1087 1849 1166 1924 τοὺς

150 1946 230 2015 οὐδὲ
262 1958 441 2035 πεισθῆναι
473 1951 713 2037 βουλομένους,
751 1953 812 2018 δύο
844 1954 964 2029 ταύτας
995 1951 1166 2037 ὑπέλαβον

151 2059 287 2122 ἔσεσθαι
309 2069 377 2122 τῶν
401 2061 643 2136 στασιαζόντων
667 2060 771 2135 αἰτίας
793 2067 851 2141 της
874 2060 1068 2144 διαλλαγῆς,
1096 2070 1166 2135 τοῖς
1250 2091 1251 2130 1

151 2160 211 2248 μὲν
226 2162 465 2246 ἐπιεικεστέρας
479 2167 691 2248 μετειληφόσι
705 2166 881 2249 φύσεως-
891 2163 971 2248 ένῆν
985 2165 1049 2250 γάρ
1063 2189 1096 2230 τι
1111 2163 1166 2230 καί

151 2281 305 2337 τοιοῦτον
324 2270 361 2336 έν
380 2279 425 2359 τῷ
449 2275 618 2357 πολλῷ-
636 2271 697 2354 τὴν
717 2268 770 2335 ἐπὶ
788 2282 857 2348 τοῖς
876 2272 1079 2355 ὀνειδισμοῖς
1097 2283 1167 2336 τῶν

111 2404 137 2443 ιο
151 2381 319 2460 πολεμίων
342 2379 516 2462 αἰσχύνην,
538 2387 609 2453 τοῖς
632 2371 669 2441 δὲ
692 2378 899 2459 δυσαγώγοις
921 2374 974 2441 έπί
993 2379 1030 2443 τὸ
1049 2380 1167 2461 καλόν,

115 2480 193 2564 θῆν
216 2483 325 2548 άπασα
348 2480 499 2550 δέδοικεν
522 2482 706 2569 ἀνθρώπου
729 2484 830 2566 φύσις
848 2481 1004 2566 όνάγιιην.
1041 2484 1098 2547 ἵνα
1123 2483 1166 2566 δὴ

150 2598 252 2654 ταῦτα
275 2587 405 2672 γίνοιτο
428 2588 615 2674 ἀμφότερα,
644 2588 769 2672 ἐφῆκαν
791 2600 860 2664 τοῖς
883 2592 1053 2672 πολεμίοις
1075 2590 1166 2676 λόγῳ

150 2689 176 2756 τ’
206 2696 376 2778 αἰσχύνειν
403 2698 594 2773 κακίζοντας
621 2704 717 2778 σφῶν
740 2693 784 2770 ὡς
808 2695 977 2777 άνανδρον
1000 2693 1061 2775 τὴν
1082 2693 1167 2775 ἡσυ-

21 2851 25 2858 .
150 2801 238 2881 χίαν,
261 2797 315 2862 καί
339 2802 448 2884 ἔργοις
465 2800 647 2886 ὑπεροψίας
665 2821 699 2863 τε
718 2796 772 2864 καὶ
790 2802 1067 2884 καταφρονήσεως
1082 2803 1167 2864 πολ-

112 2921 137 2961 ω
152 2907 210 2986 λης
228 2901 417 2985 γινομένοις
432 2903 626 2987 ἀναγκάζειν
641 2903 792 2987 ἀγαθοὺς
805 2903 964 2988 γενέσθαι
976 2909 1054 2982 τοὺς
1070 2902 1182 2970 ἑκου-·

223 3029 240 3076 4
263 3022 333 3091 πρὸς
351 3023 400 3077 τὸν
418 3022 527 3078 ὑπατων
546 3042 569 3080 ο.
588 3025 691 3079 Reiske
764 3033 779 3081 ὅ
798 3029 864 3094 post
881 3033 961 3096 τιμῆς
979 3026 1079 3094 partic.
1099 3027 1166 3096 ἀμε-

151 3099 263 3156 λοῦντες
285 3093 332 3146 vel
355 3095 544 3164 ἀφαιροῦντες
567 3095 632 3149 add.
656 3095 764 3164 Kayser
786 3095 857 3168 Αωω.
877 3095 946 3166 phil.
971 3101 1040 3150 1868
1064 3115 1091 3166 p.
1112 3101 1166 3151 816

153 3174 185 3221 15
205 3163 338 3239 λό<γ>ων
356 3164 379 3219 Β
443 3172 476 3221 16
496 3166 559 3222 οότε
579 3166 601 3220 Ο
621 3167 687 3221 οὐδὲ
705 3167 809 3220 Reiske
829 3174 833 3234 Ι
854 3171 1001 3222 πισθεῖναι
1020 3167 1067 3220 Ba
1133 3173 1166 3221 1⁵1

152 3236 269 3293 ἔσεσθαι
288 3236 393 3290 ειδάΒ
463 3244 494 3292 19
513 3241 605 3310 πολλῷ
623 3237 729 3305 πλήθει
749 3255 773 3289 c.
792 3237 895 3292 Reiske
959 3244 994 3292 24
1012 3236 1168 3306 γενομένης

150 3309 201 3364 Ac
221 3306 369 3378 γενομένης
387 3308 410 3362 Β
429 3306 590 3379 γενομένοις
609 3308 732 3363 Sintenis
746 3309 806 3362 Em.
822 3307 902 3364 Dion.
918 3309 988 3363 1114
1006 3327 1069 3377 γινο
1092 3306 1168 3370 ε’νοις

151 3379 295 3448 Kiessling
313 3378 465 3449 γενομένης
479 3380 533 3434 del.
548 3379 657 3449 Kayser
669 3379 740 3435 Ann.
756 3379 826 3448 phil.
842 3385 911 3434 1868
924 3397 952 3448 p.
967 3383 1020 3432 816
1037 3379 1041 3450 Ι
1078 3381 1169 3448 νδρας

152 3451 281 3517 ἀγαθοὺς
300 3466 322 3506 c.
343 3451 432 3506 Cobet
451 3451 516 3507 Obs.
536 3469 563 3524 ρ.
584 3457 635 3506 174
658 3456 663 3520 l
689 3445 833 3512 ἑκουσίους
851 3451 897 3504 Ba
