2496 3878
173 177 220 246 40
601 181 762 230 -Ζ-

174 345 298 426 μανίαν
325 337 353 406 τ’
381 338 567 425 ἀπέφαινον
595 337 698 406 αὑτοῦ
723 339 785 423 τὴν
808 340 1018 423 συμβουλήν,
1045 337 1084 403 ού
1104 357 1177 423 παρ
1219 338 1220 440 5

177 450 257 534 ρησί
254 470 303 511 αν
329 441 409 512 οὐδὲ
441 444 598 531 ἐλευθερί
595 469 646 510 αν.
696 447 802 532 βραχὺ
835 438 967 529 μὲν
930 468 992 510 ουν
1023 454 1117 510 τοῦτο
1146 446 1177 508 τὸ

176 552 274 639 μέρος
296 549 352 618 καί
374 547 515 629 ἀσθενὲς
538 551 578 618 δν
595 557 809 637 περιεωθεῖτο
832 551 898 616 ὑπὸ
916 559 977 615 τοῦ
995 548 1180 636 βιαιοτέρου.
1219 593 1220 632 3

142 655 335 730 3ταῦταδ’
358 658 558 744 ὁρῶντεςοί
578 659 754 742 δήμαρχοι·
781 663 934 741 παρῆσαν
957 657 1021 741 γάρ
1044 665 1088 745 τῷ
1111 671 1180 720 συν-
1219 655 1220 720 5

151 769 278 855 τεδρίμ
306 762 574 852 παρακληθέντες
596 764 662 829 ὑπὸ
683 773 753 828 τῶν
775 760 922 828 ὑπαίτιον·
951 761 1059 844 ἐβόων
1080 783 1113 826 τε
1134 757 1181 826 καί
1219 801 1220 812 5

177 876 341 958 ἤσπαιρον
368 854 424 936 καί
451 872 510 935 τὸν
532 868 690 953 Μάρκιον
716 873 869 952 λυμεῶνα
890 865 944 932 καί
969 869 1112 953 όλεθρον
1132 874 1181 948 τῆς
1219 899 1220 904 1

176 983 303 1055 πόλεως
326 977 514 1043 ἀπεκάλουν
536 976 705 1060 πονηροὺς
723 973 888 1053 διεξιόντα
905 974 987 1040 κατά
1005 983 1066 1054 τοῦ
1085 973 1181 1056 δήμου
1219 1015 1220 1022 5

177 1090 308 1169 λόγους,
331 1082 386 1148 καί
409 1084 440 1147 εί
461 1082 505 1165 μὴ
529 1081 714 1145 κωλύσειαν
737 1081 840 1146 αὑτὸν
863 1080 899 1145 οί
913 1082 1079 1165 πατρίκιοι
1096 1080 1181 1142 πόλε-
1219 1123 1220 1128 1

141 1214 242 1330 4μον
266 1189 429 1274 ἐμφύλιον
450 1189 498 1263 είς
519 1187 580 1270 τὴν
603 1189 702 1252 πόλιν
725 1185 901 1270 εἰσάγοντα
919 1185 1056 1273 θανάτῳ
1077 1183 1182 1267 ζημιά-
1219 1217 1220 1254 5

138 1312 295 1382 1,σαντες
317 1293 338 1378 ἢ
360 1301 463 1378 φυγῇ,
486 1289 581 1357 αὐτοὶ
598 1293 750 1374 ποιήσειν
768 1287 857 1358 τοῦτ’
881 1293 1005 1374 ἔλεγον.
1039 1290 1220 1376 θορύβουιεί

178 1397 208 1466 δ’
236 1402 283 1465 ἐτι
310 1403 464 1474 πλείονος
491 1395 544 1463 ἐπί
570 1408 640 1474 τοῖς
667 1400 779 1480 λόγοις
805 1407 873 1463 τῶν
896 1396 1078 1482 δημάρχων
1099 1417 1183 1478 γενο-

178 1505 293 1590 μένου,
316 1502 371 1571 καί
394 1499 523 1588 μάλιστ’
545 1501 670 1568 ἐκτῶν
692 1502 865 1589 νεωτέρων
884 1505 942 1580 τάς
959 1501 1095 1578 ἀπειλάς
1113 1502 1184 1564 δυσ·
1219 1547 1220 1588 ,

178 1613 450 1697 ανασχετούντων
480 1607 638 1696 ἐπαρθείς
664 1610 794 1686 τούτοις
821 1609 839 1675 ὑ
867 1609 1021 1694 Μάρκιος
1048 1603 1184 1673 αὑθαδέ-

181 1727 299 1803 στερον
321 1718 386 1801 ἤδη
409 1718 595 1844 καθήπτετο
613 1726 681 1780 τῶν
700 1717 877 1845 δημαρχωγ
896 1712 952 1780 καὶ
969 1715 1185 1799 θρασύτερον·

139 1843 165 1884 15
178 1825 223 1888 Εί
245 1823 289 1906 μὴ
308 1824 477 1888 παύσεσθε
495 1819 620 1905 μέντοι,
642 1820 761 1904 λέγων,
783 1821 998 1912 ταράττοντες
1005 1821 1077 1950 την
1095 1822 1220 1884 πόλιν

177 1928 273 2013 ὑμεῖς
295 1925 360 1992 καί
370 1926 682 2011 ἐκδημαγωγοῦντες
699 1928 778 2002 τοὺς
796 1925 953 2011 ἀπόρους,
976 1924 1087 1992 οὐκέτι
1106 1927 1220 2011 λόγῳ

179 2036 348 2118 διοίσομαι
370 2034 491 2119 πρὸς“
474 2042 576 2116 υμᾶς,
598 2029 671 2098 ἀλλ’
693 2035 789 2122 ἔργῳ.

245 2140 363 2206 XXVI.
394 2135 679 2224 Ἠγριωμένηςδδ
701 2147 758 2221 τῆς
780 2138 959 2223 βουλῆς,“
942 2163 987 2214 ως
1010 2141 1139 2222 ἔμαθον
1161 2133 1192 2198 οί
1219 2081 1220 2246 5

180 2248 343 2332 δημαρχοι
369 2248 504 2322 πλείους
531 2246 629 2321 ὄντας
654 2246 733 2320 τοὺς
760 2244 985 2328 βουλομένους
1010 2229 1220 2328 άφελέσθαιδ

138 2375 166 2414 ιο
179 2354 240 2436 τὴν
271 2355 433 2422 δοθεῖσαν
462 2349 616 2428 ἐξουσίαν
645 2359 691 2438 τῷ
721 2351 815 2438 δήμῳ
844 2360 911 2416 τῶν
941 2348 1095 2434 ἐμμένειν
1124 2360 1192 2424 ταῖς
1219 2335 1220 2418 5

180 2459 371 2543 ὁμολογίαις
394 2455 589 2541 ἀξιούντων,
612 2455 792 2542 ἐξέδραμον
816 2454 851 2520 έκ
873 2463 934 2521 τοῦ
954 2459 1192 2542 βουλευτηρίου
1219 2493 1220 2496 =

179 2566 374 2649 κεκραγότες
396 2561 451 2629 καί
473 2566 576 2640 θεοὺς
594 2565 672 2639 τοὺς
690 2562 823 2648 ὁρκίους
841 2560 1103 2647 ἐπικαλούμενοι.
1140 2558 1193 2626 καί
1219 2587 1220 2646 3

180 2669 261 2753 μετά
279 2677 377 2733 τοῦτο
397 2672 641 2752 συναγαγόντες
660 2671 708 2745 είς
726 2667 902 2753 ἐκκλησίαν
918 2671 979 2734 τὸν
999 2671 1106 2753 δῆμον
1121 2666 1194 2751 έδή-
1219 2713 1220 2720 1

180 2779 292 2839 λωσαν
319 2773 408 2862 αὐτῷ
436 2776 514 2850 τοὺς
541 2773 578 2838 ἐν
605 2783 644 2858 τῇ
671 2777 777 2858 βουλῇ
801 2772 965 2859 ῥηθέντας
987 2777 1108 2858 λόγους
1131 2774 1195 2838 ὑπὸ

141 2899 167 2941 ιε
180 2889 241 2947 τοῦ
263 2882 437 2964 Μαρκίου,
464 2877 519 2944 καί
546 2882 605 2972 τὸν
632 2879 739 2964 ἀνδρα
766 2881 814 2956 είς
836 2878 1020 2964 ἀπολογίαν
1043 2881 1196 2946 ἐκάλουν.
1219 2947 1220 2956 ,

145 2987 227 3062 2529
255 2983 285 3051 δ’
313 2986 354 3052 οὐ
379 2997 555 3072 προσεῖχεν
583 2985 710 3068 αὐτοῖς,
738 2985 821 3052 ἀλλά
843 2984 898 3051 καί
921 2989 999 3064 τοὺς
1020 2984 1197 3071 ὑπηρέτας,

180 3089 238 3177 ὑφ’
268 3085 315 3156 ὧν
344 3090 505 3176 ἐκαλεῖτο,
532 3094 784 3177 προπηλακίζων
811 3102 880 3167 τοῖς
901 3095 1013 3174 λόγοις
1036 3090 1198 3177 ἀνεῖρξεν,

254 3289 269 3336 2
289 3279 340 3337 οὑν
356 3299 441 3352 supra
453 3282 503 3336 lin
519 3283 583 3338 add
598 3300 702 3338 aman.
717 3299 811 3352 pnore
825 3283 847 3336 B
900 3290 916 3338 3
935 3280 980 3356 δν]
997 3283 1045 3338 καί
1060 3285 1081 3338 Β
1097 3285 1102 3352 Ι
1119 3302 1199 3350 περι-

182 3353 330 3408 ωθεῖτοΒ
403 3360 436 3407 12
460 3353 618 3424 μάλισταΟ
693 3360 725 3409 16
749 3355 1022 3425 δημαγωγούντεςΒ
1093 3349 1201 3408 mn-

181 3444 219 3477 κα
202 3424 270 3478 οιύλο
253 3443 351 3493 υμενοι
370 3424 393 3479 O
411 3427 524 3494 μενοῖεν
541 3426 564 3478 Β
