2496 3878
178 163 222 228 48
604 164 766 214 -Ζ-

178 321 345 409 περιέσται
373 324 435 410 γάρ
463 322 544 406 ὑμῖν
571 320 648 406 μέν,
675 323 706 388 ελ
731 331 830 390 τοῦτο
857 324 1029 406 ποιήσετε,
1053 319 1190 404 ἀγαθοῖς

180 425 266 495 εἶναι
290 432 418 513 δοκεῖν,
440 439 510 506 τοῖς
533 425 563 495 δ’
586 427 739 513 ἀπεχθῶς
762 426 982 513 διακειμένοις
1004 429 1088 513 πρὸς
1108 427 1191 512 ὑμᾶς

179 547 361 619 μετανοεῖν.

246 641 379 707 XXXII.
416 645 540 708 Δίκαια
572 638 633 726 μὲν
666 643 707 726 δη
739 651 843 708 ταῦτα
868 643 1086 728 προεχόμενοι
1111 642 1195 727 πρὸς

155 748 268 832 οὑμᾶς
285 749 423 832 μεγάλα,
441 749 486 825 ὥς
504 745 534 831 γ’
552 741 615 814 οὖν
633 750 785 832 οἰόμεθα,
806 751 970 832 πεάθομεν
986 747 1072 832 ὑμᾶς
1090 742 1195 831 μηδὲν

181 852 431 942 ἐξαμαρτάνειν·
468 856 591 941 χρηστὰ
620 852 657 921 δὲ
685 853 741 920 καλ
767 855 991 940 φιλάνθρωπα
1019 856 1113 939 ἔργα,
1143 844 1196 929 οἷς

181 964 374 1046 χρησόμεθα
402 961 463 1026 οὐκ
490 961 652 1026 ὀνειδίσαι
680 963 880 1047 βουλόμενοι
902 961 1004 1045 ὑμᾶς,
1030 957 1102 1026 ἀλλ’
1126 959 1197 1024 ἐπι-

182 1065 387 1151 εικεστέρους
407 1075 556 1150 ποιῆσαι,
572 1103 617 1114 --
635 1064 735 1153 χωρὶς
757 1077 825 1132 τῶν
846 1073 997 1133 παλαιῶν
1019 1067 1059 1132 τὰ
1076 1063 1198 1132 νεωστὶ

182 1174 344 1255 γενόμενα
366 1170 442 1256 περλ
464 1172 525 1255 τὴν
546 1173 697 1238 κάθοδον
720 1172 831 1256 ὑμῶν,
854 1211 897 1222 -
922 1167 995 1255 [ὧν]
1019 1173 1112 1257 ἡμεῖς
1133 1168 1199 1256 μέν

144 1304 170 1344 ιο
184 1276 399 1362 ἐπιλελῆσθαι
421 1282 632 1363 βουλόμεθα,
654 1279 749 1364 ὑμεῖς
772 1276 809 1345 δὲ
833 1281 960 1346 δίκαιοί
979 1278 1051 1344 έστε
1074 1287 1200 1363 μεμνῆ-

141 1390 275 1456 2σθαι.
325 1384 578 1470 ἀναγκαζόμεθα
609 1383 639 1451 δ’
671 1386 755 1451 αὐτά
781 1384 986 1473 παραφέρειν
1012 1382 1091 1450 νονλ
1117 1382 1201 1471 χρῄ-

186 1493 295 1568 ζοντες
317 1490 392 1558 ἀντὶ
419 1498 552 1558 πολλῶν
578 1490 633 1558 καὶ
656 1493 824 1577 μεγάλων,
852 1488 900 1558 ὧν
922 1493 1003 1579 ὑμῖν
1027 1490 1232 1577 δεομένοιςιι

128 1649 131 1656 1
184 1595 423 1682 ἐχαρισάμεθα,
453 1598 578 1682 ταύτην
604 1596 681 1684 παρ’
712 1598 807 1682 ὑμῶν
834 1597 1024 1682 ἀντιλαβεῖν
1051 1599 1112 1682 τὴν
1140 1597 1203 1682 χά-

157 1693 165 1709 ’
184 1726 255 1787 ριν,
282 1701 355 1786 μήτ’
381 1703 571 1768 ἀποκτεῖναι
594 1701 667 1788 μήτ’
689 1703 841 1789 ἐκβαλεῖν
863 1713 921 1789 της
942 1707 1068 1781 πόλεως
1090 1705 1205 1788 ἀνδρα

145 1831 170 1872 ιο
183 1810 363 1892 φιλόπολιν
385 1807 441 1874 καὶ
467 1811 506 1874 τά
533 1808 673 1894 πολέμια
694 1811 829 1877 πάντων
850 1811 1036 1897 κράτιστον.
1081 1812 1206 1894 ζημιω-

184 1917 312 1998 σόμεθα
343 1917 406 2000 γάρ
439 1916 480 1981 οὐ
514 1917 628 2002 μικρά,
665 1911 703 1982 εὖ
732 1923 815 2000 ἴστε,
847 1909 873 1981 ὦ
901 1919 1056 2002 δημόται,
1085 1918 1206 1982 τοιαύ-

183 2044 242 2103 της
270 2019 551 2106 ἀποστερήσαντες
581 2021 697 2108 ἀρετῆς
725 2024 789 2106 την
816 2025 924 2089 πόλιν.
969 2023 1109 2107 μάλιστα
1137 2019 1207 2106 μὲν

186 2120 248 2192 οὖν
275 2124 319 2192 δι’
342 2126 445 2193 αὐτὸν
468 2127 596 2195 ἐκεῖνον
619 2129 755 2215 ὑφεῖναι
776 2138 834 2213 της
857 2129 958 2214 ὀργῆς
980 2130 1106 2194 δίκαιοί
1127 2127 1208 2193 έστε

185 2232 401 2318 μνησθέντες,
423 2235 522 2312 ὅσους
544 2236 639 2320 ὑμῶν
663 2237 787 2300 ἔσωσεν
810 2234 847 2300 ἐν
866 2247 936 2312 τοῖς
953 2234 1121 2319 πολέμοις,
1144 2233 1211 2299 καὶ

146 2362 173 2402 ιο
185 2343 229 2425 μὴ
253 2345 363 2424 λόγων
381 2351 596 2426 μνησικακεῖν
613 2342 765 2426 φαύλων,
788 2338 858 2406 ἀλλ’
883 2343 990 2427 ἔργων
1009 2346 1213 2424 μεμνῆσθαι

148 2452 307 2528 3καλῶν.
362 2448 380 2514 ὁ
412 2444 474 2532 μὲν
505 2449 568 2533 γὰρ
606 2451 705 2531 λόγος
735 2447 821 2531 ὑμᾶς
852 2456 913 2512 τοῦ
944 2446 1067 2533 ἀνδρὸς
1098 2443 1215 2511 οὐδὲν

186 2556 341 2638 ἔβλαψεν,
361 2555 397 2619 αἱ
418 2551 455 2620 δὲ
477 2553 611 2640 πράξεις
631 2554 734 2619 αὐτοῦ
753 2553 878 2638 μεγάλα
897 2553 1081 2637 ὠφέλησαν.
1114 2554 1148 2618 εδ
1170 2551 1217 2618 δὲ

187 2659 269 2742 πρὸς
294 2667 415 2724 τοῦτον
442 2659 666 2736 ἀδιαλλάκτως
694 2661 797 2745 ἔχετε,
827 2660 908 2743 ἡμῖν
934 2657 976 2742 γε’
999 2681 1050 2725 τοι
1077 2657 1137 2724 καὶ
1168 2671 1216 2745 τῇ

187 2765 292 2847 βουλῇ
315 2767 497 2849 χαρίσασθε
521 2765 625 2830 αὐτὸν
642 2763 823 2849 δεομένοις,
845 2764 901 2831 καὶ
919 2765 1118 2849 διαλλάγητε
1139 2768 1217 2851 ἤδη

147 2889 173 2930 25
186 2864 266 2936 ποτε
287 2872 429 2953 βεβαίως
450 2872 512 2954 τήν
533 2893 569 2936 τε
586 2873 697 2953 πόλιν,
720 2871 829 2958 ὥσπερ
848 2870 881 2950 έξ
900 2870 1002 2957 ἀρχῆς
1020 2867 1099 2955 εἶχε,
1124 2875 1221 2956 μίαν

258 3063 274 3112 6
294 3059 328 3114 ef.
348 3059 456 3128 Kayser
474 3060 544 3116 Ann.
560 3060 628 3132 phil.
646 3067 714 3116 1868
732 3080 759 3131 p.
775 3067 828 3116 814
883 3068 898 3116 ‘1
917 3063 1002 3134 ὑμᾶς]
1019 3064 1087 3134 ὑμῖν
1101 3061 1222 3118 Ροεθιιε

188 3135 204 3184 9
223 3123 262 3183 ὧν
281 3129 335 3186 del.
355 3129 469 3186 Kbstlin
485 3131 653 3203 Philologus
667 3139 702 3187 34
717 3135 809 3202 (1874)
827 3150 854 3201 p.
870 3137 922 3187 ‘156
978 3140 1012 3188 10
1030 3137 1224 3204 μεμνῆσθαι,

187 3201 408 3272 ἀναγκαζόμεθα
431 3203 512 3259 αὐτοὶ
533 3201 711 3275 παραφέρειν
735 3220 757 3259 e.
778 3202 900 3258 Schenkl
917 3203 1048 3258 Bursiani
1065 3204 1226 3262 librorum

188 3272 281 3327 annal.
301 3273 469 3328 breviarium
486 3292 513 3343 p.
533 3281 566 3329 63
641 3281 672 3328 11
697 3272 920 3344 ἀναγκαζόμενοι
938 3273 961 3328 0
981 3273 1225 3346 ἀναγκαζόμεθα

189 3340 311 3412 Sylburg
329 3347 359 3396 οῖ
376 3344 500 3399 ὃὶωῖεπὶε
518 3344 578 3402 Em.
597 3345 677 3400 Dion.
697 3346 738 3399 ΠΙ
757 3351 773 3398 3
847 3352 879 3398 19
898 3345 965 3413 θμϊν
983 3345 1029 3399 Ba
1099 3353 1138 3401 25
1161 3367 1225 3401 πο-

188 3411 252 3482 λ<ιν
271 3413 382 3484 ὡ>σπερ
400 3415 447 3469 Bb
