2538 3884
137 241 203 308 390
560 243 726 296 -Θ-

135 414 322 488 πεπηγυῖαν
351 401 581 482 ἀνατείνοντες
607 405 662 469 καί
689 415 756 469 τῶν
783 404 894 468 ἀλλων
922 401 1058 488 ἀνδρῶν
1085 425 1152 468 τον

136 509 323 595 ἐπιφανῶν,
353 509 398 587 ὡς
427 510 470 594 δὴ
499 511 606 598 τούτῳ
636 508 918 594 καταπληξόμενοι
945 511 1024 587 τοὺς
1052 510 1153 574 ἐνδον

135 613 191 681 καὶ
214 615 456 700 ἀναγκάσοντες
477 616 688 701 παραδοῦναι
710 619 805 701 σφίσι
828 617 869 681 τὰ
892 614 986 680 όττλα.
1023 625 1094 692 τοῖς
1118 612 1148 679 δ’

136 723 200 808 ἀρα
227 723 309 810 πρὸς
331 717 398 807 ’μὲν
425 722 487 806 τὴν
514 723 692 808 συμφορὰν
718 732 786 788 τῶν
814 721 1036 790 ἀπολωλότων
1058 723 1154 799 ἔλεός

108 851 185 905 ττις
211 825 356 915 παρέστη
384 824 439 893 καὶ
467 826 668 894 ἀνεκλαίοντο
697 828 808 894 αὐτῶν
836 829 897 913 τὴν
918 828 1038 913 τύχην,
1067 830 1153 913 πρὸς

136 931 174 1000 δέ
196 937 256 1002 τὸν
279 933 392 1018 ἀγῶνα
414 934 543 1020 θράσος
566 935 744 1001 διπλάσιον
762 933 878 1020 ἐνέφυ,
899 932 954 1000 καὶ
972 943 1033 999 τοῦ
1052 943 1153 999 νικᾶν

136 1041 157 1125 ἢ
180 1043 239 1106 τὸν
262 1041 364 1108 αὐτὸν
387 1039 525 1118 ἐκείνοις
546 1044 671 1127 τρόπον
694 1029 898 1125 ἀποθανεῖν,
919 1038 999 1126 πρὶν
1023 1043 1071 1118 είς
1092 1062 1154 1106 πο-

99 1149 258 1230 2λεμίων
285 1158 396 1234 χεῖρας
423 1146 553 1232 ἐλθεῖν,
580 1149 680 1225 καλὸς
708 1151 798 1235 ἔρως.
845 1147 975 1231 ἐκείνην
1002 1143 1064 1231 μὲν
1088 1141 1154 1212 οὖν

134 1252 195 1336 τὴν
223 1253 769 1339 νύκταιπαρεστρατοπεδευκότων
792 1262 837 1343 τῷ
860 1252 978 1339 χάρακι
1000 1263 1067 1318 τῶν
1088 1273 1154 1318 πο-

97 1384 123 1424 ιο
136 1362 261 1444 λεμίων
283 1360 453 1446 ἄγρυπνοί
471 1381 506 1425 τε
529 1361 566 1426 οί
580 1358 734 1445 Ῥωμαῖοι
751 1357 806 1425 καὶ
825 1358 1091 1438 ἐπισκευάζοντες
1110 1360 1154 1424 τὰ

135 1468 344 1550 πεπονηκότα
370 1475 431 1532 τοῦ
458 1465 601 1552 χάρακος
626 1463 829 1551 διετέλεσαν,
856 1466 896 1531 τά
918 1463 946 1531 τ’
972 1467 1073 1550 ἀλλα,
1102 1456 1155 1542 οἷς

136 1569 313 1658 ἀπερύκειν
337 1574 475 1656 ἔμελλον
499 1573 632 1656 αὐτούς,
655 1574 687 1637 εί
707 1577 899 1658 πειραθεῖεν
922 1572 1023 1636 πάλιν
1044 1589 1220 1657 ταχυ-1926

136 1689 253 1763 μαχεῖν
275 1678 382 1743 πολλὰ
404 1676 461 1743 καὶ
482 1688 625 1743 παντοῖα
647 1676 920 1763 εὐτρεπιζόμενοι.
961 1686 1000 1763 τη
1024 1675 1054 1741 δ’
1077 1675 1154 1761 ἑξῆς

136 1784 227 1848 αἵτε
250 1781 434 1868 προσβολαὶ
451 1784 553 1849 πάλιν
572 1784 734 1869 ἐγίνοντο,
759 1782 815 1849 καὶ
834 1785 852 1850 ὁ
871 1782 972 1869 χάραξ
992 1785 1152 1850 διεσπᾶτο

60 1927 72 1936 =
94 1912 122 1953 ιτ
135 1889 218 1954 κατὰ
240 1888 347 1953 πολλά
370 1886 465 1974 μέρη·
489 1887 544 1954 καὶ
566 1889 725 1968 πολλάκις
743 1885 804 1974 μὲν
822 1890 887 1956 ὑπὸ
906 1899 974 1956 τῶν
993 1887 1153 1967 ἐξιόντων

134 1995 216 2059 κατὰ
238 1994 427 2080 συστροφὰς
450 1994 486 2060 ἐκ
508 2003 569 2061 τοῦ
591 1995 734 2082 χάρακος
756 1994 1023 2082 ἐξεκρούσθησαν
1042 1996 1079 2061 οί
1091 1998 1154 2060 Αί-

134 2106 241 2185 κανοί,
264 2101 422 2179 πολλάκις
444 2096 475 2167 δ’
498 2100 708 2186 ἀνεκόπησαν
730 2099 787 2168 ὑπ’
809 2101 944 2168 ἐκείνων
968 2101 1005 2168 οί
1020 2103 1154 2184 θρασύ·

52 2252 63 2262 --
98 2202 232 2293 3τερον
256 2205 443 2286 ἐπεξιόντες.
486 2204 661 2273 καὶτοῦτο
685 2205 729 2273 δι’
757 2207 836 2292 ὅλης
858 2215 915 2292 τῆς
937 2206 1061 2294 ἡμέρας
1084 2207 1154 2292 ἐμά

133 2334 222 2379 νετο·
254 2316 339 2378 ἔνθα
366 2313 384 2378 ό
411 2311 446 2378 θ’
473 2313 598 2391 ὕπατος
621 2314 638 2380 ὁ
662 2324 729 2379 τῶν
747 2311 917 2400 Ῥωμαίων
940 2318 1069 2404 σαυνίῳ
1094 2315 1152 2380 διδ

93 2445 120 2484 ω
133 2427 193 2484 τοῦ
216 2424 345 2504 θυρεοῦ
369 2415 627 2505 διαπερονηθεὶς
644 2421 856 2508 τιτρώσκεται
873 2422 931 2486 τὸν
950 2423 1069 2506 μηρόν,
1094 2419 1153 2486 καὶ

132 2525 228 2591 ἄλλοι
247 2521 365 2611 συχνοὶ
381 2535 449 2590 τῶν
468 2522 651 2610 ἐπιφανῶν,
670 2525 743 2591 ὅσοι
762 2524 838 2612 περὶ
852 2526 955 2591 αὐτὸν
970 2526 1152 2612 ἐμάχοντο·

131 2632 196 2715 ἤδη
225 2626 262 2696 δέ
289 2641 359 2708 τοῖς
376 2629 547 2716 Ῥωμαίοις
570 2630 784 2716 ἀπειρηκόσιν
807 2631 1056 2718 ἀπροσδόκητος
1079 2632 1153 2698 ἐπι-

131 2738 286 2820 φαίνεται
314 2735 390 2821 περὶ
418 2739 531 2821 δείλην
560 2737 660 2818 ὀψίαν
681 2739 832 2823 προσιὼν
856 2741 1027 2824 Κοίντιος,
1056 2740 1152 2822 ἄγων

131 2841 192 2924 τὴν
229 2839 426 2909 ἐθελούσιον
463 2843 656 2930 ἐπικουρίαν
693 2854 759 2908 τῶν
796 2842 1045 2929 ἀκμαιοτάτων,
1087 2845 1151 2924 οὓς

90 2975 119 3016 τε
134 2937 262 3025 ίδόντες
294 2948 330 3012 οί
358 2947 510 3034 πολέμιοι
542 2952 741 3037 προσιόντας
772 2947 978 3036 ἀνέστρεφον
1008 2949 1152 3036 ἀφέντες

203 3221 218 3268 2
242 3222 325 3269 τούτο
343 3213 390 3267 Ba
472 3219 488 3266 4
511 3213 577 3281 post
594 3212 645 3282 μὲν
664 3229 763 3266 rasura
780 3211 840 3266 fere
859 3217 929 3268 6-8
947 3211 1004 3268 litt.
1023 3211 1046 3265 Β
1133 3219 1148 3268 5

132 3287 289 3341 ἀνεκλῶντο
308 3285 333 3338 Α
354 3281 569 3357 ἀνεκλ<ύ>οντο
588 3283 635 3337 Bb
708 3288 742 3337 10
761 3280 791 3338 οί
808 3283 915 3339 add.B
989 3289 1021 3337 12
1041 3284 1150 3355 ἀπερύ-

131 3376 193 3411 κειν
212 3357 287 3410 ABb
311 3355 512 3424 ἀποκηρύττειν
536 3354 582 3410 vel
603 3354 774 3425 ἀποκρούων
792 3353 838 3410 Ba
862 3353 1034 3424 ἀποκρούειν
1053 3353 1149 3409 Kiess·

131 3425 194 3493 ling
267 3422 434 3494 18-ἐχένετο
452 3425 529 3479 ΑΒει
603 3431 634 3480 19
654 3427 771 3480 σαυνίου
792 3457 825 3467 -
845 3423 1149 3497 διαπερονηθέντοςΒ

134 3498 168 3545 22
188 3489 416 3566 ἐπιφ<αί>νεται
434 3496 457 3548 Β
