2538 3884
134 195 201 260 360
556 198 725 250 -Θ-

135 356 315 442 δημάρχων
343 355 599 442 ἀντιλεξάντων,
630 357 722 426 ἐνίκα
748 360 838 445 παρὰ
865 337 991 436 πολλὰς
1016 363 1160 446 ψήφους

133 463 154 546 ή
179 465 239 529 τὸν
257 467 363 548 νόμον
382 463 549 551 εἰσφέρειν
568 464 707 544 ἀξιοῦσα
725 468 850 550 γνώμη.
883 464 1160 548 ἐπικυρωθέντος

134 564 173 633 δὲ
195 577 255 635 τοῦ
277 571 567 656 προβουλεύματος
590 573 681 638 αἵτε
701 574 784 638 ἰδιαι
802 582 869 638 τῶν
888 573 1060 660 ἀρχόντων
1079 574 1161 638 δια-

134 673 236 762 φοραί
265 677 486 762 διελύθησαν,
512 675 568 743 καί
595 679 613 744 ὁ
642 679 746 763 δῆμος
773 678 947 764 ἀγαπητῶς
975 679 1160 764 δεξάμενος

99 773 173 888 {ab
199 783 398 869 συγχώρημα
420 793 478 868 τῆς
500 788 624 869 βουλῆς
646 783 827 871 ἐπεψήφισε
851 787 909 852 τὸν
932 788 1048 871 νόμον.
1093 783 1156 850 ἀπ’

136 888 265 956 ἐκείνου
287 899 348 956 τοῦ
370 892 495 976 χρόνον
514 891 553 955 τά
572 901 639 956 τῶν
658 892 838 978 δημάρχων
856 889 912 956 καί
931 890 1158 977 ἀγορανόμων

135 993 328 1083 ἀρχαιρέσια
355 994 449 1083 μέχρι
477 1005 537 1062 τοῦ
560 994 637 1062 καθ’
664 995 750 1081 ἡμᾶς
772 999 897 1083 χρόνον
920 997 997 1083 δίχα
1021 999 1158 1064 οἰωνῶν

135 1125 170 1168 τε
198 1099 254 1167 καί
280 1110 338 1185 τῆς
365 1103 467 1187 ἀλλης
489 1101 614 1179 ὀττείας
637 1101 765 1188 ἁπάσης
787 1102 826 1169 αἰ
844 1101 1019 1187 φυλετικαὶ
1043 1113 1159 1188 ψηφο-

137 1217 302 1295 φοροῦσιν
339 1206 516 1291 ἐκκλησίαι.
571 1209 653 1292 αύτη
691 1209 786 1285 λύσις
821 1206 953 1293 ἐγένετο
989 1219 1048 1293 τῆς
1079 1212 1157 1274 τότε

97 1342 125 1382 10
137 1314 363 1400 κατασχούσης
386 1324 528 1401 ταραχῆς
549 1316 610 1399 τήν
633 1318 742 1381 πόλιν.

203 1421 240 1488 L.
281 1418 348 1486 Καὶ
378 1419 446 1506 μετ’
479 1421 520 1487 ού
548 1424 635 1487 πολὺ
665 1421 818 1508 στρατιάς
847 1420 956 1488 ἐδόκει
980 1419 1158 1506 Ῥωμαίοις

136 1528 360 1614 καταγράφειν
387 1527 443 1594 καί
469 1531 547 1605 τοὺς
573 1527 720 1605 ὑπάτους
745 1525 922 1612 ἐκπέμπειν
945 1526 1159 1614 ἀμφοτέρους

137 1632 194 1700 ἐπί
218 1632 245 1700 τ’
273 1637 441 1710 Αἰκανούς
468 1631 524 1699 καί
553 1633 795 1712 Οὐολούσκους.
841 1634 1000 1717 δυνάμεις
1026 1634 1090 1719 γάρ
1121 1633 1158 1712 ἐξ

138 1738 303 1824 ἑκατέρων
323 1751 389 1806 τῶν
409 1738 521 1805 ἐθνῶν
540 1737 775 1824 ἐξεληλυθέναι
793 1739 994 1823 ἠγγέλλοντο
1013 1739 1159 1824 μεγάλαι

97 1871 123 1914 ιτ
138 1845 193 1912 καί
211 1847 431 1931 προνομεύειν
449 1848 527 1922 τοὺς
536 1843 704 1930 Ῥωμαίων
720 1845 921 1930 συμμάχους.
946 1862 1159 1932 παρασκευα-

139 1958 285 2018 σθεισῶν
318 1947 355 2016 δέ
387 1961 454 2016 τῶν
486 1952 663 2036 δυνάμεων
696 1955 760 2017 σὺν
787 1951 878 2035 τάχει
906 1953 1063 2029 Κοίντιος
1089 1947 1155 2036 μὲν

138 2060 299 2135 Αἰκανοῖς
325 2058 523 2141 πολεμήσων
551 2056 670 2146 ᾤχετο,
689 2055 828 2134 Ἄππιος
851 2053 888 2122 δὲ
913 2057 1229 2142 ούολούσκοις,ιειε

138 2149 249 2252 κλήρφ
274 2165 487 2249 διαλαχόντες
508 2165 566 2241 τάς
584 2163 694 2250 ἀρχάς.
731 2161 855 2248 συνέβη
875 2160 913 2228 δέ
930 2174 999 2230 τῶν
1017 2164 1160 2230 ὑπάτων

103 2268 281 2360 2έκατέρφ
313 2271 353 2335 τὰ
383 2271 492 2336 εἰκότα
519 2270 670 2355 πάσχειν·
706 2270 727 2353 ή
755 2266 817 2354 μὲν
844 2271 907 2357 γάρ
934 2279 980 2358 τῷ
1008 2273 1159 2361 Κοιντίῳ

100 2402 127 2442 νο
141 2382 409 2462 προσνεμηθεῖσα
437 2378 572 2462 στρατιά
599 2377 660 2459 τήν
687 2375 866 2442 ἐπιείκειάν
890 2400 925 2442 τε
948 2375 1003 2442 καί
1026 2381 1160 2462 μετριό-

139 2506 219 2568 τητα
241 2491 301 2550 τοῦ
325 2482 447 2566 ἀνδρὸς
469 2480 675 2568 ἀσπαζομένη
698 2486 873 2568 πρόθυμος
895 2477 938 2566 ήν
958 2485 1006 2561 εἰς
1025 2485 1159 2550 ἅπαντα

138 2592 179 2656 τά
207 2590 457 2675 ἐπιταττόμενα,
483 2588 538 2655 καί
566 2590 606 2654 τά
632 2594 768 2655 πλεῖστα
795 2587 1050 2668 αὐτοκέλευστος
1076 2590 1158 2676 ύφί-

140 2714 238 2763 στατο
257 2697 502 2780 κινδυνεύματα
521 2694 623 2774 δόξαν
641 2703 686 2784 τῷ
706 2695 844 2779 ήγεμόνι
862 2694 917 2761 καί
935 2698 1035 2780 τιμῆν
1053 2697 1157 2782 πράτ-

140 2817 257 2867 τουσα·
275 2799 330 2867 καὶ
350 2800 504 2885 διεξῆλθε
522 2802 650 2886 πολλήν
669 2809 727 2885 τῆς
740 2802 897 2868 Αἰκανῶν
914 2802 1024 2888 χώρας
1037 2808 1157 2886 λεηλα-

100 2932 127 2976 25
140 2916 244 2974 τοῦσα
267 2907 308 2972 ού
330 2909 529 2991 τολμώντων
552 2909 599 2984 εἰς
621 2917 734 2995 χεῖρας
755 2906 869 2973 ἐλθεῖν
889 2919 956 2974 τῶν
974 2911 1157 2993 πολεμίων,

141 3013 173 3093 ἐξ
202 3008 241 3098 ής
268 3012 401 3098 λάφυρα
427 3014 533 3079 πολλά
562 3011 617 3080 καί
640 3015 800 3099 ἀφελείας
822 3013 964 3098 μεγάλας
987 3013 1156 3099 ἐκτήσατο.

212 3176 228 3226 8
255 3168 445 3242 φυλετκκαί>
464 3167 511 3222 Bb
585 3175 619 3224 10
642 3177 765 3240 ταραχῆς
786 3170 833 3224 Bb
857 3187 892 3224 ex
915 3187 984 3225 corr.
1004 3177 1053 3239 τῆς
1071 3171 1156 3241 τύχης

139 3260 197 3298 non
214 3243 321 3314 legitur
338 3241 369 3295 in
386 3239 434 3294 Ba
451 3241 484 3294 ut
503 3241 651 3295 annotavit
668 3240 813 3311 Kieesling
886 3248 919 3296 11
945 3243 1092 3310 στρατείας
1109 3241 1157 3296 Ba

141 3321 174 3370 13
193 3315 247 3385 γάρ
266 3331 319 3370 om.
338 3313 385 3366 Ba
410 3315 414 3381 Ι
439 3309 493 3380 ἀφ’
515 3306 654 3382 ἑκατέρων
672 3311 723 3366 Ao
797 3319 831 3367 14
853 3320 908 3367 τῶν
928 3328 982 3368 om.
1001 3313 1048 3366 Ba
1122 3319 1156 3368 17

140 3384 327 3458 Αἰκαν<οῖ>ς
348 3383 396 3439 Bb
478 3391 511 3439 21
537 3381 576 3446 εἰς
598 3383 733 3438 πάνταΒ
812 3388 847 3438 22
870 3383 1093 3447 αύτοκελεύστως
1111 3383 1159 3440 Ba

140 3463 174 3510 23
193 3455 397 3528 πράττονσ<α>
414 3453 462 3510 Bb
