2496 3878
145 189 187 252 18
405 273 410 282 ¹
570 193 730 244 -z-

144 355 189 432 ὡς
203 355 333 438 ’έμαθον
348 351 588 437 ἐξεληλυθυῖαν
607 353 643 417 ἐκ
661 361 719 436 τῆς
735 356 863 431 πόλεως
880 354 942 437 τὴν
960 363 1021 419 τοῦ
1038 354 1159 439 τυράν-

142 487 206 528 νου
230 460 387 547 στρατιδιν
406 462 597 543 συνθήμασι
615 466 824 544 μηνυθεῖσαν
842 460 907 526 ὑπὸ
928 470 996 525 τῶν
1014 472 1158 546 σκοπῶν,

143 568 330 653 πέμπουσιν
344 565 377 645 ἐξ
392 567 503 632 αὐτῶν
521 563 596 652 περὶ
616 563 773 651 ἑξήκοντα
791 566 932 650 μάλιστα
950 568 1028 643 τοὺς
1046 567 1158 633 εύτολ-

76 751 79 758 ‚
144 676 305 761 μοτάτους
332 671 496 757 διφθέρας
523 675 658 757 ἔχοντας
683 671 738 737 καὶ
768 671 953 757 φακέλλους
975 672 1158 758 φρυγάνων

110 763 345 876 Ξκομίζοντας.
383 774 475 845 οὗτοι
497 777 573 864 περὶ
596 779 728 863 λύχνων
747 777 834 863 άφδς
852 780 947 844 άλλοι
965 775 1035 843 κατ’
1056 781 1158 856 άλλας

143 890 248 965 πύλας
266 888 311 963 ὡς
327 894 483 972 χερνῆται
499 887 775 971 παρεισπεσόντες
789 887 926 950 ἔλαθον·
950 885 994 962 ὡς
1008 883 1038 949 δ’
1057 887 1157 951 ένδον

28 1068 30 1075 ,
144 994 297 1078 ἐγένοντο
325 1000 385 1058 τοῦ
411 994 540 1077 τείχους
567 989 798 1068 ἐξελκύσαντες
825 989 861 1056 ἐκ
888 1003 955 1057 τῶν
981 991 1156 1077 φακέλλων

143 1100 164 1166 ά
186 1097 410 1184 κατέκρυπτον
438 1097 533 1183 ξίφη,
560 1096 615 1162 καὶ
643 1100 865 1174 συνελθόντες
892 1100 940 1174 είς
966 1100 1025 1164 τὸν
1053 1097 1156 1164 αὐτὸν

143 1197 283 1282 ἅπαντές
305 1207 408 1270 τόπον
432 1201 530 1268 ἔπειτ’
557 1203 687 1269 ἐκεῖθεν
710 1205 913 1290 ὁρμήσαντες
930 1203 1051 1291 ἀθρόοι
1074 1207 1156 1291 πρὸς
1183 1257 1187 1264 .

103 1334 130 1372 ιο
142 1315 200 1390 τδις
223 1310 276 1378 ἐπὶ
299 1313 357 1377 τὸν
373 1309 517 1397 ’Ἁορνον
538 1311 706 1396 φερούσας
727 1312 833 1394 πύλας
854 1313 933 1388 τούς
952 1335 987 1376 τε
1006 1313 1227 1396 φύλακας133ῖ

142 1421 252 1485 αὐτῶν
279 1416 511 1483 ἀποκτείνουσι
538 1416 766 1500 κοιμωμένους
791 1420 845 1483 καὶ
871 1421 950 1494 τοὺς
977 1418 1156 1503 σφετέρους

142 1527 287 1602 ἅπαντας
309 1527 373 1609 ἤδη
396 1534 457 1590 τοῦ
483 1525 612 1609 τείχους
637 1527 779 1608 πλησίον
806 1525 904 1601 ὄντας
930 1523 1156 1609 ἀναπεπταμέ-

141 1657 217 1709 ναις
243 1642 314 1708 ταῖς
344 1631 463 1706 πύλαις
493 1623 729 1715 ὑποδέχονται,
756 1627 812 1695 καὶ
843 1638 941 1696 τοῦτο
973 1629 1156 1714 πράξαντες

106 1740 274 1807 3έλαθον.
318 1739 411 1823 ἔτυχε
439 1738 502 1822 γάρ
531 1735 640 1822 ἐκείνη
672 1745 710 1821 τῇ
739 1733 834 1802 νυκτὶ
862 1733 958 1822 ἑορτή
990 1761 1040 1812 τις
1071 1732 1155 1803 οὖσα

101 1864 127 1906 ιε
142 1845 333 1928 δημοτελής,
356 1841 411 1907 καὶ
434 1839 478 1907 δι’
502 1841 607 1926 αὐτὴν
626 1844 710 1919 άπας
733 1844 751 1909 ὁ
774 1843 856 1907 κατὰ
873 1845 972 1908 πόλιν
996 1845 1094 1928 ὄχλος
1117 1842 1154 1908 ἐν

140 1952 253 2026 πότοις
272 1949 319 2014 διν
342 1946 398 2014 καὶ
415 1960 486 2026 ταῖς
504 1951 619 2026 άλλαις
637 1949 853 2026 εὐπαθείαις(
874 1958 972 2014 τοῦτο
991 1949 1154 2035 παρέσχεν

141 2056 253 2133 αὐτοῖς
279 2057 361 2121 κατὰ
387 2056 515 2140 πολλὴν
543 2057 658 2120 άδειαν
686 2054 812 2132 ἁπάσας
839 2056 989 2120 διελθεῖν
1016 2057 1074 2133 τὰς
1101 2053 1154 2120 ἐπὶ

140 2162 202 2245 τὴν
220 2163 423 2248 τυραννικὴν
443 2164 552 2228 οίκίαν
570 2163 737 2247 φερούσας
755 2163 868 2238 ὁδούς·
892 2159 948 2226 καὶ
967 2159 1046 2227 οὐδὲ
1065 2162 1153 2248 παρά

140 2280 211 2345 ταῖς
232 2269 356 2354 θύραις
378 2270 506 2351 πολλήν
524 2291 598 2332 τινα
615 2266 671 2332 καὶ
690 2267 909 2352 ἐγρηγορυῖαν
928 2263 1030 2350 εὗρον
1049 2269 1155 2353 φὐλα-

86 2377 214 2459 Ιιοκύν,
242 2373 326 2440 άλλδι
348 2360 522 2448 κάνταῦθα
545 2377 622 2450 τοὺς
645 2371 707 2458 μέν
728 2375 793 2458 ἤδη
816 2375 1054 2458 καθεύδοντας,
1076 2379 1154 2451 τοὺς

141 2478 178 2545 δὲ
201 2481 388 2566 μεθύοντας
411 2479 659 2565 ἀποσφάξαντες
679 2482 756 2566 δίχα
774 2483 881 2546 πόνου
900 2479 955 2545 καὶ
973 2483 1054 2545 κατά
1072 2487 1153 2564 πλῆ-

140 2592 204 2663 θος
222 2589 269 2663 είς
287 2589 348 2670 τὴν
367 2589 475 2653 οίκίαν
495 2588 671 2672 ὠσάμενοι,
691 2590 770 2663 τοὺς
788 2583 849 2672 μὲν
867 2588 989 2662 ἄλλους
1007 2587 1153 2663 ἅπαντας

140 2693 215 2774 ούτε
238 2701 305 2756 τῶν
328 2695 489 2776 σωμάτων
504 2696 565 2757 ’ἔτι
592 2703 794 2777 κρατοῦντας
821 2693 897 2758 ούτε
924 2704 990 2759 τῶν
1017 2703 1152 2778 φρενῶν
1245 2687 1246 2720 λ

140 2799 197 2862 διά
222 2798 281 2863 τὸν
314 2792 409 2862 οίνον
434 2799 611 2882 προβάτων
644 2800 740 2881 δίκην
772 2797 992 2883 κατέσφαξαν·
1025 2801 1084 2864 τὸν
1117 2796 1147 2864 δ’

213 3029 244 3076 12
264 3025 326 3095 *τῷ
343 3024 389 3078 τεί
404 3043 429 3078 ει
445 3023 564 3092 πλησίον
583 3023 605 3078 O
625 3023 731 3078 correxi
804 3031 837 3079 13
852 3024 900 3078 καὶ
919 3024 954 3092 δὴ
969 3024 1114 3080 καὶτοῦτο
1128 3042 1151 3081 c.

138 3094 241 3148 Reiske
333 3100 365 3148 15
384 3043 424 3148 δι’
445 3095 531 3163 αὐτῆς
549 3095 572 3147 Β
663 3101 696 3148 16
716 3104 798 3150 τοῦτο
815 3095 846 3148 in
863 3095 925 3150 τότε
944 3099 1054 3150 mutare
1075 3100 1104 3149 et
1122 3098 1152 3149 in

137 3165 309 3235 praecedens
329 3182 439 3220 comma
457 3165 609 3219 transfene
627 3165 729 3220 maluit
748 3166 868 3235 Sylburg
955 3174 986 3221 17
1006 3167 1107 3220 άδειαν
1126 3167 1152 3218 Α

139 3235 286 3292 εὐπέτειαν
304 3237 327 3288 Β
416 3241 449 3290 18
467 3236 532 3305 περὶ
551 3245 612 3299 ταῖς
629 3237 734 3306 θύραις
754 3241 775 3290 0
795 3237 873 3306 παρὰ
891 3243 913 3291 τί
933 3241 964 3292 θ.
984 3255 1006 3292 ο.
1026 3236 1150 3290 Sintenis

137 3308 198 3363 Em.
222 3307 304 3363 Dion.
318 3307 357 3360 ΠΙ
373 3313 418 3376 10,
447 3307 511 3377 περὶ
529 3307 579 3370 τὰς
596 3307 690 3377 θύρας
715 3307 804 3363 Cobet
828 3308 892 3363 obs.
914 3328 940 3376 p.
957 3313 1017 3374 137,
1041 3308 1091 3361 sed
1114 3307 1149 3363 ef.

137 3378 227 3431 Krebs
245 3378 311 3433 Reo.
329 3379 399 3447 phil.
418 3377 474 3434 litt.
493 3395 567 3433 nova
584 3397 612 3448 p.
628 3387 679 3434 325
752 3387 785 3434 22
801 3379 968 3441 άπανταςΑ
987 3379 1151 3449 σύμπαντας

137 3449 160 3502 Β
233 3455 267 3506 23
286 3458 458 3520 κρατοῦντας
476 3451 501 3503 Α
519 3452 671 3520 κρατεροὺς
689 3450 772 3511 ὄντας
791 3451 813 3503 Β
