2484 3876
162 235 206 298 οι
488 216 748 283 ·-z-

162 396 280 480 ἀνδρα,
303 396 334 460 εί
356 390 393 460 δέ
415 395 460 478 μη
483 390 514 476 γ’
535 394 600 460 ὑπὸ
622 403 681 478 της
702 393 858 477 δευτέρας
881 393 901 476 ἢ
924 397 1040 480 τρίτης.
1085 393 1123 458 οί
1143 388 1225 480 δἐιίᾱ

162 503 325 586 δήμαρχοι
351 497 449 566 ταῦθ’
476 499 690 585 ὑφορώμενοι
717 496 773 564 καὶ
796 496 891 564 αὐτοὶ
913 501 974 583 την
996 500 1181 585 φυλετικὴν

74 595 76 607 ’
163 607 340 692 ἐκκλησίαν
368 604 474 694 ᾤοντο
502 607 576 671 δεῖν
603 605 763 689 συνάγειν
784 604 840 670 καλ
863 617 923 680 τοῦ
946 605 1075 690 ἀγῶνος
1099 605 1180 672 ἐκεί-

163 738 227 799 νην
244 721 380 798 ποιῆσαι
398 715 530 799 κυριάν,
548 713 604 777 ἵνα
622 710 704 797 μηδ’
723 713 759 778 οί
773 711 909 796 πένητες
927 722 993 778 τῶν
1007 717 1181 778 πλουσίων

137 831 376 906 εμειονεκτῶσι
408 816 489 905 μηθ’
521 819 556 885 ολ
584 817 678 898 ψιλοὶ
709 827 777 884 τῶν
808 819 952 884 ὁπλιτῶν
982 817 1180 905 ἀτιμοτέραν

161 927 272 1014 χώραν
295 930 405 1012 ἔχωσι,
427 923 502 1011 μήτ’
523 923 768 1012 ἀπερριμμένον
792 925 839 1000 είς
861 924 919 1000 τάς
941 923 1080 1009 ἐσχάτας
1103 928 1180 1008 κλή-

163 1051 231 1110 σεις
252 1037 289 1099 τὸ
314 1033 493 1117 δημοτικὸν
515 1037 645 1116 πλῆθος
667 1029 878 1115 ἀποκλείηται
901 1041 968 1094 τῶν
992 1037 1087 1115 ἴσων,
1113 1033 1180 1096 ίσό-

161 1151 268 1223 ηηφοι
292 1135 329 1203 δὲ
352 1137 406 1204 καὶ
430 1138 582 1223 ὁμότιμοι
605 1138 724 1214 πάντες
746 1136 902 1220 ἀλληλοις
923 1138 1101 1220 γενόμενοι
1121 1147 1179 1224 μιᾷ

110 1251 151 1315 10
161 1246 274 1328 κλησει
301 1245 362 1328 τὴν
389 1253 504 1329 ψῆφον
531 1242 728 1327 ἐπενέγκωσι
756 1244 837 1308 κατά
865 1243 981 1328 φυλάς.
1027 1242 1084 1308 καὶ
1109 1242 1179 1308 ἐδό
1224 1255 1225 1294 λ

122 1373 148 1412 ιο
161 1373 244 1415 κουυ
276 1351 463 1435 δικαιότερα
490 1345 584 1417 οὗτοι
610 1362 677 1416 τῶν
705 1348 826 1435 ἑτέρων
853 1347 970 1426 ἀξιοῦν
998 1350 1179 1433 δημοτικὸν
1224 1343 1225 1346 “

162 1457 309 1540 οίόμενοι
328 1457 412 1539 δεῖν,
430 1454 501 1521 ἀλλ’
521 1457 583 1522 οὐκ
602 1456 815 1540 ὀλιγαρχικὸν
834 1451 920 1520 εἶναι
940 1457 975 1520 τὸ
993 1465 1055 1520 τοῦ
1070 1457 1179 1538 δήμου
1224 1497 1225 1548 3

162 1563 390 1648 δικαστήριον,
417 1560 473 1627 καὶ
499 1562 561 1645 την
582 1559 658 1648 περὶ
681 1573 748 1626 τῶν
771 1561 978 1626 ἀδικούντων
1000 1563 1038 1626 τὸ
1062 1563 1179 1626 κοινὸν
1224 1565 1225 1646 λ

162 1668 344 1750 διάγνωσιν
367 1667 523 1734 ἁπάντων
545 1663 632 1733 εἶναι
653 1670 779 1751 κοινήν.
1224 1655 1225 1692 ³

227 1773 295 1838 LX.
332 1772 619 1860 Συγχωρηδέντος
651 1771 680 1838 δ’
711 1773 824 1850 αὐτοῖς
851 1772 906 1839 καλ
933 1775 1054 1839 τούτου
1083 1777 1179 1858 μόγις

122 1901 147 1942 15
160 1878 227 1943 ὑπὸ
250 1889 317 1942 τῶν
334 1883 532 1974 πατρικίων,
556 1879 668 1963 ἐπειδη
692 1881 753 1963 τὴν
773 1880 871 1962 δίκην
887 1879 988 1965 ἐχρῆν
1007 1878 1177 1963 λέγεσθαι,
1224 1869 1225 1894 ³

161 1995 289 2069 πρῶτος
302 1983 404 2068 ἀνέβη
418 1985 604 2069 Μηνύκιος,
623 1985 738 2070 ἀτερος
751 1995 818 2050 τῶν
832 1985 978 2068 ὑπάτων,
996 1983 1052 2050 καλ
1067 1987 1177 2064 ἔλεξεν
1224 1999 1225 2070 ζ

161 2091 220 2168 οὓς
251 2087 435 2155 ἐπέστειλεν
468 2091 556 2179 αὐτῷ
590 2095 710 2174 λόγους
742 2091 762 2175 ἡ
795 2093 914 2175 βουλή·
950 2103 1083 2177 πρῶτον
1117 2089 1176 2177 μὲν
1224 2091 1225 2170 ἦ

161 2196 287 2274 ἁπάσας
313 2198 371 2274 τάς
398 2198 588 2281 εὐεργεσίας
613 2197 890 2283 ὑπομιμνήσκων,
917 2198 996 2274 ὅσας
1022 2193 1066 2282 ην
1089 2201 1176 2282 είλη-
1224 2209 1225 2280 ζ

68 2333 72 2340 ’
159 2306 230 2388 φὼς
258 2304 276 2370 ὁ
302 2305 406 2388 δῆμος
428 2306 516 2388 παρὰ
540 2313 606 2369 τῶν
628 2307 825 2390 πατρικίων,
854 2299 952 2368 ἔπειτ’
975 2303 1077 2382 ἀξιῶν
1102 2302 1225 2374 ἀντὶιιυῖ

120 2433 147 2472 20
160 2417 293 2477 πολλῶν
320 2408 375 2476 καὶ
403 2415 514 2477 καλῶν
538 2413 645 2494 ἔργων
668 2414 749 2496 μίαν
772 2411 982 2494 ἀποδοθῆναι
1004 2412 1093 2497 παρὰ
1117 2420 1177 2476 τοῦ

162 2518 269 2602 δημου
293 2517 463 2602 δεομένοις
482 2521 597 2602 σφίσιν
616 2516 801 2601 ἀναγκαίαν
819 2516 917 2602 χάριν
936 2514 989 2581 ἐπὶ
1007 2527 1053 2605 τῷ
1071 2508 1175 2604 κοινῷ

125 2625 218 2703 ἳτῆς
240 2627 367 2700 πόλεως
384 2623 513 2710 ἀγαθῷ.
549 2626 632 2710 πρὸς
650 2621 687 2690 δέ
705 2625 836 2700 τούτοις
854 2623 998 2690 ἐπαινῶν
1017 2623 1077 2709 μὲν
1097 2621 1175 2709 ὀμό-

160 2748 257 2791 νοιαν
280 2725 335 2790 καλ
354 2727 501 2813 είρηνην,
524 2727 579 2794 καλ
597 2729 676 2812 ὅσης
696 2731 909 2814 εὐδαιμονίας
926 2728 1081 2815 ἑκάτερον
1101 2731 1174 2796 τού·
1224 2755 1225 2780 ³

160 2853 227 2895 των
250 2835 357 2896 αίτιόν
378 2811 450 2897 ἐστι
473 2845 543 2910 ταις
560 2837 699 2900 πόλεσιν
719 2837 959 2921 ἐπιλεγόμενος,
982 2823 1174 2923 κατηγορῶν

231 3062 245 3109 1
265 3057 320 3111 ὑπὸ
338 3078 353 3112 τ
373 3078 387 3120 ς
406 3057 429 3112 0
448 3075 518 3112 corr.
536 3058 665 3115 Hertlein
682 3061 799 3124 Hermes
818 3062 843 3115 X
861 3069 914 3118 416
969 3068 985 3115 3
1004 3059 1092 3134 ᾤοντο
1112 3065 1171 3116 δεῖν

160 3127 291 3198 συνάγειν
311 3131 334 3182 Α
354 3151 383 3202 ῳ.
404 3129 536 3200 συνάγειν
555 3132 616 3186 δεῖν
634 3131 660 3184 R
714 3136 730 3184 ὃ
750 3133 894 3202 φυλετικαὶ
914 3133 936 3187 Ο
955 3133 1034 3204 ψιλοὶ
1053 3132 1172 3202 Sylburg

159 3197 431 3270 θάτιεριμμένσνΒ
504 3203 610 3257 λύσων
629 3199 735 3272 ψήφων
760 3202 782 3257 Ο
805 3203 963 3272 praeterB
1038 3209 1070 3257 10
1093 3201 1171 3258 αότσλ

160 3270 182 3323 0
202 3266 280 3325 οὗτοι
297 3270 443 3342 Kiessling
461 3271 515 3326 del.
534 3273 642 3342 Kayser
659 3275 731 3331 Ann.
750 3273 819 3342 phil.
841 3279 909 3328 1868
927 3293 953 3344 p.
970 3281 1022 3330 815
1078 3282 1109 3328 15
1128 3272 1171 3328 λέ-

159 3342 272 3411 γεσθαι]
296 3339 432 3410 γενέσθαι
455 3359 477 3397 c.
497 3342 640 3414 Kiessling
714 3351 745 3399 17
774 3340 935 3398 ἐπέστειλαν
953 3345 978 3397 A
1003 3349 1007 3414 Ι
1031 3345 1169 3414 λόχονςΑ

159 3413 193 3461 20
219 3411 455 3480 ἀνταποδοθῆναι
478 3429 500 3468 0.
524 3411 667 3484 Kiessling
739 3421 772 3468 21
800 3416 897 3485 χρείαν
917 3414 940 3469 0
963 3415 1046 3486 χάριν
1068 3433 1090 3470 ο.
1110 3414 1171 3468 sin-

158 3478 232 3532 tenis
251 3480 311 3537 Em.
332 3481 413 3536 Dion.
436 3486 444 3536 l
465 3489 498 3537 27
