2484 3876
500 220 660 268 -Ζ-
1021 213 1081 276 121

65 377 146 444 δυσὶ
167 379 233 462 γὰρ
252 379 364 456 ἵπποις
381 377 598 464 ἐζευγμένοις,
616 378 656 444 δν
675 380 799 464 τρόπον
815 378 987 462 ζεύγνυται
1006 394 1084 443 συν-

64 489 163 570 ωρίς,
191 491 301 566 τρίτος
322 489 499 571 παρείπετο
522 497 666 571 σειραῖος
688 485 786 562 ἵππος
809 483 926 570 βυτήρι
949 485 1085 568 συνεχό-

64 615 186 675 μενος,
221 591 262 656 δν
289 591 354 657 άπὸ
384 601 445 658 τοῦ
473 595 719 679 παρῃωρῆσθαί
745 613 780 656 τε
807 589 862 656 καὶ
889 591 978 676 <μή>
1007 607 1085 656 συν-

19 702 227 782 ιιῶεζεῦχθαι
246 695 418 784 παρῄορον
436 697 576 764 ἐκάλουν
595 699 631 764 οί
649 701 796 764 παλαιοί·
819 696 933 783 ἕτερον
951 693 989 762 δὲ
1006 693 1082 780 παρ’

68 806 200 888 ὀλίγαις
214 806 263 869 ἔτι
277 807 528 890 φυλαττόμενον
545 808 683 871 πόλεσιν
696 801 886 888 Ἑλληνίσιν
904 801 941 868 έν
958 803 1085 887 ίερουρ-
1114 823 1128 864 ε

70 915 157 994 γίαις
190 910 281 977 τισὶν
313 910 500 997 ἀρχαϊκαῖς,
537 912 555 978 ό
592 912 987 996 τῶν-παρεμβεβηκότων
1018 918 1088 984 τοῖς

80 1020 196 1102 ἅρμασι
216 1019 350 1104 δρόμος.
382 1018 461 1084 ὅταν
480 1018 543 1103 γὰρ
562 1016 656 1094 τέλος
674 1019 711 1083 αί
727 1029 794 1083 τῶν
814 1015 939 1082 ἱππέων
953 1015 1122 1098 ἀμιλλατδ

82 1125 254 1208 λάβωνται,
277 1123 510 1209 ἀποπηδῶντες
534 1123 598 1190 ἀπὸ
616 1135 683 1190 τῶν
701 1122 856 1209 ἁρμάτων
874 1123 909 1189 ολ
924 1121 1088 1208 παροχού-

78 1254 167 1314 μενοι
194 1242 268 1308 τοῖς
293 1231 455 1316 ἡνιόχοις,
488 1231 547 1307 οὓς
574 1232 609 1296 οί
632 1227 764 1312 ποιηταὶ
796 1226 857 1314 μέν
888 1229 1088 1314 παραβάτας,

75 1333 248 1422 Ἀθηναῖοι
271 1333 309 1402 δὲ
331 1343 490 1403 καλοῦσιν
514 1337 692 1421 ἀποβάτας,
718 1339 778 1402 τὸν
801 1336 972 1402 σταδιαῖον
995 1335 1089 1420 ἁμιλ-
1104 1357 1131 1396 ιο

78 1449 198 1510 λῶνται
222 1445 349 1529 δρόμον
369 1440 463 1510 αὐτοὶ
484 1445 567 1528 πρὸς
589 1443 762 1527 ἀλλήλους.
807 1441 1032 1508 τελεσθέντων
1052 1437 1089 1506 δέ

78 1562 142 1616 τῶν
168 1550 312 1615 ίππικῶν
334 1551 469 1636 δρόμων
492 1551 528 1615 οί
550 1560 620 1626 τοῖς
647 1546 774 1614 ἑαυτῶν
798 1551 947 1633 σώμασιν
970 1547 1089 1631 ἀγωνι-

81 1660 208 1741 ζόμενοι
226 1655 294 1723 τότ’
316 1653 469 1744 εἰσῄεσαν
487 1657 621 1741 δρομεῖς
638 1678 673 1720 τε
692 1651 747 1720 καὶ
764 1655 883 1720 πύκται
901 1652 956 1719 καὶ
973 1658 1090 1719 παλαι-

29 1768 162 1830 ῶοοσταί.
206 1768 284 1848 τρία
306 1764 369 1848 γὰρ
392 1763 567 1847 ἀθλήματα
591 1763 679 1846 παρὰ
702 1772 770 1838 τοῖς
793 1760 940 1847 ἀρχαίοις
953 1757 1090 1844 Ἕλλησι

83 1867 171 1936 ταῦτ’
195 1866 255 1956 ήν,
284 1871 328 1946 ῶς
346 1866 490 1955 Ὅμηρος
518 1866 571 1933 ἐπὶ
593 1877 632 1954 τῇ
656 1869 853 1953 Πατρόκλου
877 1869 976 1950 δηλοῖ
995 1875 1091 1953 ταφή.
1106 1886 1132 1927 ιε

84 1975 117 2041 έν
140 1974 178 2042 δὲ
199 1989 270 2054 τοῖς
291 1977 347 2041 διά
366 1975 468 2060 μέσου
487 1986 553 2040 τῶν
572 1973 774 2059 ἀθλημάτων
792 1975 925 2059 χρόνοις
942 1971 1127 2058 Ἕλληνι-4

84 2086 228 2149 κότατον
255 2081 311 2148 καὶ
338 2082 514 2168 κράτιστον
541 2080 697 2146 ἁπάντων
724 2079 814 2145 ἐθῶν
844 2078 1091 2163 ἀπεδεικνυντο,

86 2189 303 2274 στεφανώσεις
338 2187 392 2254 καὶ
424 2187 620 2274 ἀναρρήσεις
650 2188 844 2272 ποιούμενοι
882 2197 1003 2270 τιμῶν,
1040 2177 1092 2261 αἷς

88 2293 201 2379 ἐτίμων
224 2299 304 2372 τοὺς
327 2292 453 2360 ἑαυτῶν
481 2292 669 2380 εὐεργέτας,
696 2294 739 2370 ὡς
759 2290 939 2376 Ἀθήνηστν
962 2289 999 2355 έν
1021 2301 1093 2366 ταῖς

4 2481 5 2486 ¹
92 2405 323 2478 Διονυσιακαῖς
345 2399 471 2484 ἐγένετο
500 2403 653 2482 θυσίαις,
679 2396 735 2463 καὶ
765 2399 908 2482 σκύλων,
936 2397 1026 2461 ὅσων
1056 2395 1092 2460 έκ
1106 2419 1134 2459 οο

4 2493 5 2518 ³
89 2506 235 2592 πολέμων
263 2499 409 2591 λάβοιεν,
437 2504 607 2584 έπιδείξεις
628 2517 699 2582 τοῖς
725 2507 773 2581 είς
799 2502 884 2569 θέαν
913 2507 1092 2586 συνεληλυ-

87 2616 192 2679 θόσιν.
232 2613 316 2678 ἀλλά
334 2612 397 2698 γὰρ
416 2608 499 2696 ὑπὲρ
523 2608 584 2695 μὲν
606 2613 734 2676 τούτων
752 2611 828 2675 οὔτε
847 2608 977 2694 μηθένα
999 2609 1093 2692 ποιή-
1107 2614 1146 2727 δή

89 2727 208 2786 σασθαι
230 2722 334 2803 λόγον
353 2717 553 2801 ἀπαιτούσης
573 2727 630 2802 τής
652 2716 844 2792 ὑποθέσεως
866 2720 972 2793 καλῶς
995 2711 1094 2802 εἶχεν,
1133 2731 1149 2770 )

39 2829 159 2892 ιιοιούτε
185 2827 346 2912 μηκύνειν
375 2823 458 2910 πέρα
487 2835 547 2890 τοῦ
575 2823 709 2901 δέοντος
730 2823 879 2909 ήρμοιτε.
924 2826 1038 2910 καιρὸς
1061 2821 1091 2889 δ’

91 2932 138 2998 ἀντὶ
163 2933 224 3016 τήν
252 2927 516 3013 ἀπολειπομένην
543 2931 698 3020 διήγησιν
725 2928 910 3013 ἐπανάγειν.
960 2930 1004 3008 ῶς
1031 2931 1093 3016 γάρ
1108 2957 1134 2997 ιι
1171 2945 1193 3024 7¹

92 3040 128 3124 δή
150 3041 190 3105 τά
212 3035 289 3123 περὶ
312 3039 371 3102 τὸν
394 3034 585 3120 ἀπαχθέντα
612 3033 665 3100 ἐπὶ
688 3039 848 3121 τιμωρίαν
870 3036 936 3102 ὑπὸ
959 3047 1019 3103 τοῦ
1043 3038 1095 3102 δε-

92 3191 404 3334 ιιλιιύιῶῶι
418 3187 638 3319 ῶιιιιινι
655 3192 690 3318 λ
705 3198 759 3318 ..ι
776 3211 805 3317 ι
824 3191 1095 3332 ῶῶιλῶέ.

92 3343 106 3392 θ
123 3337 263 3412 λάβωνται
283 3338 305 3393 Ο
324 3335 445 3409 λάβωσιν
464 3333 553 3390 Cobet
571 3334 637 3389 obs.
659 3353 686 3403 p.
702 3340 752 3388 152
827 3341 860 3387 10
879 3336 1011 3387 καλοῦσιν
1030 3332 1094 3388 add.

92 3409 112 3462 B
181 3416 213 3464 17
234 3409 461 3464 ἀπεδείκνντοΒ
534 3411 567 3460 18
586 3403 707 3478 τιν<ας>
726 3403 768 3467 οἷς
786 3399 887 3472 ἀτίμων
906 3402 928 3456 Ο
947 3412 1033 3471 τιμῶν
1052 3402 1097 3465 αίς

94 3479 187 3551 ἐτίμων
204 3481 309 3536 Reiske
381 3485 416 3534 20
434 3475 633 3551 δ<υσί>αιςΒ
