2508 3882
581 151 748 215 -H-'-

163 323 246 408 αὐτῇ
276 321 440 407 ἀπήλασε,
469 322 526 388 καὶ
553 324 633 408 μετὰ
660 332 762 389 ταῦτα
789 321 1093 410 πρεσβευσαμένων
1114 333 1172 386 τῶν
1231 325 1232 348 ³

165 429 378 495 Οὐιεντανῶν
401 430 480 506 τούς
496 427 524 494 τ’
548 432 776 515 αἰχμαλώτους
799 431 911 508 αὐτοῖς
933 428 1083 496 ἀπέλυσε
1104 451 1173 511 χρη-

164 536 293 620 μάτων,
320 532 376 600 καλ
399 534 522 620 ἀνοχάς
544 544 603 601 τοῦ
621 535 769 620 πολέμου
792 534 957 602 συνέθετο
983 534 1172 608 ἐνιαυσίους.

166 642 293 726 Φάβιος
317 638 354 706 δέ
376 642 437 724 τήν
461 639 576 728 ἑτέραν
600 643 745 727 δύναμιν
768 645 853 727 ἔχων
872 645 919 720 είς
938 644 1006 727 τήν
1026 642 1221 706 Αίκανόνιιοι

139 757 230 832 ιγήν
261 745 431 832 ἐνέβαλεν·
468 745 566 814 ἔπειτ’
603 748 734 814 ἐκεῖθεν
765 750 813 826 είς
848 750 909 833 τήν
943 748 1174 815 Οὐολούσκων.

131 858 289 940 2χρόνον
312 851 374 938 μέν
396 849 459 921 οὖν
481 879 555 920 τινα
578 855 620 920 οὐ
642 858 750 920 πολύν
773 855 955 941 ήνέσχοντο
981 857 1021 921 οί
1039 854 1175 918 Οὐολοῦ-

167 976 241 1026 σκοι
261 958 530 1046 διαρπαζομένων
548 962 660 1039 αὐτοῖς
677 960 733 1026 καλ
749 961 954 1047 κειρομένων
973 972 1047 1027 τῶν
1062 959 1174 1043 ἀγρῶν·

167 1069 278 1130 ἔπειτα
307 1069 616 1151 καταφρονήσαντες
645 1078 711 1133 τῶν
736 1065 904 1152 Ῥωμαίων
932 1070 979 1146 ὡς
1009 1067 1052 1132 οὐ
1081 1068 1174 1146 πολλή

168 1171 308 1255 δυνάμει
330 1175 507 1256 παρόντων
525 1171 729 1257 ἐξεβοήθουν
748 1172 784 1238 ἐκ
803 1183 862 1257 τῆς
874 1171 1063 1239 Ἀντιατῶν
1080 1172 1175 1256 χώρας

128 1299 154 1340 ιο
167 1277 207 1341 τά
226 1275 312 1341 ὅπλα
330 1275 537 1361 ἁρπάσαντες
554 1276 688 1363 ἀθρόοι,
710 1280 871 1364 ταχύτερα
888 1285 1023 1363 μᾶλλον
1042 1279 1064 1362 ή
1082 1275 1173 1360 ἀσφα-

168 1381 304 1468 λέστερα
333 1383 603 1468 βουλευσάμενοι.
657 1387 689 1449 εί
716 1382 778 1469 μὲν
809 1380 872 1451 οὐν
905 1388 1066 1470 ἔφθασαν
1098 1380 1173 1446 ἐσκε-

169 1489 345 1575 δασμένοις
367 1501 437 1567 τοϊς
453 1487 625 1574 Ῥωμαίοις
644 1490 857 1576 ἐπιφανέντες
880 1492 916 1557 ἐκ
936 1503 1001 1558 τοῦ
1022 1489 1171 1575 ἀπροσδο-

168 1598 283 1680 κήτου,
306 1597 452 1681 μεγάλην
476 1595 518 1661 ἀν
541 1597 652 1662 αὐτῶν
675 1598 870 1682 εἰργάσαντο
893 1601 1038 1683 τροπήν·
1062 1606 1123 1662 νῦν
1143 1587 1173 1655 δὲ

169 1705 437 1787 προαισθόμενος
462 1704 525 1787 τήν
552 1703 677 1788 ἔφοδον
703 1705 815 1769 αὐτῶν
843 1705 861 1770 δ
889 1704 1019 1782 ύπατος
1042 1703 1097 1768 διδ
1116 1709 1172 1764 τῶν

130 1830 156 1871 ιι
170 1806 423 1874 ἀποσταλέντων
450 1807 503 1874 ἐπὶ
530 1811 588 1886 τάς
613 1811 836 1894 κατασκοπάς,
866 1809 1049 1895 ἀνακλήσει
1075 1807 1172 1892 ταχείᾳ

169 1915 248 1990 τοὺς
266 1912 302 1978 ἐν
316 1925 387 1990 ταίς
405 1927 588 2000 προνομαῖς
606 1915 866 2001 ἐσκεδασμένους
884 1916 1076 2002 ἀναλαβών,
1091 1909 1170 1988 τάξιν

135 2019 282 2097 3αὐτοτς
309 2018 457 2086 ἀπέδωκε
491 2024 552 2106 τήν
580 2024 627 2099 είς
652 2024 799 2106 πόλεμον
827 2021 1068 2108 ἁρμόττουσαν.
1114 2025 1171 2089 τοῖς

171 2124 208 2192 δὲ
233 2126 459 2206 Οὐολούσκοις
482 2130 545 2194 σὺν
568 2130 812 2213 καταφρονήσει
834 2127 889 2193 καλ
912 2130 1035 2215 θάρσει
1060 2130 1171 2214 χωρού-

172 2254 237 2318 σιν,
261 2236 305 2312 ὡς
327 2237 416 2321 παρά
440 2234 541 2313 δόξαν
565 2233 670 2320 ἐφάνη
694 2245 885 2300 συνεστῶσα
905 2235 942 2300 ἐν
961 2239 1077 2324 κόσμφ
1097 2237 1171 2296 πᾶσι

132 2341 192 2425 ιοή
215 2353 283 2406 τῶν
301 2347 472 2425 πολεμίων,
488 2342 641 2425 δύναμις,
664 2340 739 2418 δέος
757 2339 907 2424 ἐμπίπτει
925 2343 1008 2425 πρὸς
1028 2343 1090 2424 τήν
1106 2334 1171 2400 ἀδό-

170 2471 272 2531 κητον
295 2450 391 2531 όψιν,
418 2445 556 2512 καὶτοῦ
579 2444 640 2531 μὲν
662 2457 779 2512 κοινοῦ
801 2455 860 2530 τής
887 2447 1069 2532 ἀσφαλείας
1089 2441 1170 2508 οὐδε-

171 2559 229 2639 μία
256 2557 408 2640 φροντίς,
435 2563 492 2636 τής
520 2551 549 2618 δ’
579 2555 666 2630 ίδίας
693 2549 817 2642 έκάστφ
848 2558 1011 2639 σωτηρίας
1033 2550 1217 2637 πρόνοιαιιιλ

171 2657 436 2744 ὑποστρέψαντες
468 2660 510 2740 δή
539 2659 584 2735 ὡς
613 2655 703 2744 είχον
733 2658 863 2724 ἔκαστοι
892 2659 1012 2745 τάχους
1041 2661 1169 2744 ἔφευγον

172 2765 268 2829 ἀλλοι
295 2763 364 2829 κατ’
392 2767 495 2840 ἀλλας
521 2764 634 2840 ὁδούς·
664 2761 719 2828 καὶ
748 2766 784 2829 ολ
808 2761 870 2849 μέν
897 2769 1031 2842 πλείους
1060 2757 1170 2829 ἀπεσύ-

132 2889 157 2930 ιε
172 2876 284 2953 θησαν
307 2870 354 2944 είς
376 2870 438 2952 τήν
459 2871 570 2951 πόλιν,
593 2869 708 2950 ὀλίγον
731 2867 771 2934 δέ
791 2892 823 2934 τι
847 2879 973 2955 στῖφος,
1003 2870 1021 2936 δ
1045 2868 1169 2955 μάλιστα

171 2969 213 3058 ήν
237 2973 512 3058 συντεταγμένον,
535 2976 582 3052 είς
605 2975 705 3060 ὐρους
722 2976 798 3040 τινά
816 2977 967 3062 κορυφὴν
990 2971 1170 3060 ἀναδραμὸν

172 3081 227 3148 καὶ
260 3078 407 3164 θέμενον
438 3079 585 3146 ἐνταῦθα
614 3081 654 3146 τά
684 3081 769 3145 ὅπλα
801 3083 863 3165 τήν
893 3082 1052 3148 ἐπιοῦσαν
1081 3079 1168 3146 νύκτα

244 3271 474 3348 6<ή>νὲσχοντο
493 3272 539 3326 Bb
565 3275 569 3342 ή
599 3269 751 3326 οίαόά.Β
825 3279 857 3327 15
878 3273 1078 3336 σκοπάςΑΒο
1120 3267 1167 3348 ,19

172 3345 377 3472 φφρφήδφὲργξ
483 3350 516 3399 21
537 3345 655 3414 οὐδεμία
674 3343 771 3398 οὐδενί
791 3341 830 3397 ἔτ’
851 3337 887 3413 ήν
906 3345 1022 3415 φροντίς
1041 3362 1063 3400 ο.
1081 3335 1168 3397 Relske
