2508 3882
168 205 235 270 240
591 206 755 278 τΗ-

168 369 265 451 βαιάν
287 389 321 430 τε
344 363 399 430 καὶ
429 364 668 450 ἀμετακίνητον
691 364 727 431 ἐν
754 376 824 441 τοῖς
850 371 998 450 κριθεῖσι
1024 361 1081 430 καὶ
1106 364 1187 430 οὔτε

95 526 97 532 ,
168 475 264 560 φόβῳ
295 478 427 538 εἴκοντα
457 473 533 538 ούτε
563 471 696 558 χάρισιν
721 471 1080 556 ὑποκατακλινόμενον.
1137 470 1188 536 ἀεὶ

143 580 232 664 ’γὰρ
270 577 414 644 ἐπαινῶν
446 579 548 644 αὑτὸν
578 577 633 643 καὶ
669 578 851 661 θαυμάζων
883 577 1021 642 διατελῶ
1053 588 1120 643 τοῦ
1155 600 1188 642 τε

169 689 336 772 φρονίμου
354 683 409 750 καὶ
427 695 485 770 τῆς
501 689 744 770 γενναιότητος,
765 684 809 768 ἣν
827 686 915 769 παρὰ
932 685 972 750 τδ
991 684 1088 748 δεινά
1109 685 1186 768 ἔχει.

146 794 308 877 εννώμην
335 789 363 857 τ’
390 791 451 878 ούχ
479 790 609 877 ἑτέραν,
636 791 720 857 ἀλλὰ
747 789 803 856 καὶ
829 791 927 868 αὑτὸς
953 792 1080 874 ταύτην
1105 789 1184 856 ἀπο

174 899 358 984 δείκνυμαι,
382 900 482 985 μικρά
502 901 550 964 ἔτι
567 896 728 983 προσθεὶς
749 897 844 984 αὐτῇ,
866 899 888 962 ἅ
906 921 963 982 μοι
981 903 1185 984 παραλιπεῖν

132 1003 302 1081 2”Αππιος
329 1005 447 1071 ἐδόκει.
481 1003 638 1091 Ἕρνικας
664 1001 725 1089 μὲν
752 1005 816 1090 γάρ
843 1003 899 1070 καί
921 1007 1105 1090 Λατίνους,
1136 995 1239 1080 οἷςιῖει

170 1108 290 1176 νεωστὶ
314 1112 503 1196 δεδώκαμεν
526 1113 587 1195 τὴν
610 1113 843 1193 ἰσοπολιτείαν,
868 1107 940 1177 οὐδ’
967 1110 1069 1188 αὑτὸς
1090 1107 1184 1195 οἶμαι

172 1217 244 1310 δεῖν
262 1222 460 1302 κληρουχεῖν
477 1217 517 1282 τὰ
536 1215 684 1301 ἡμέτερα.
721 1216 762 1282 ού
780 1218 855 1301 γάρ,
873 1214 907 1294 ἐξ
926 1212 968 1282 οὑ
986 1222 1181 1301 προσῆλθον

132 1352 158 1391 ιο
172 1323 219 1399 είς
240 1325 301 1407 τὴν
324 1327 439 1408 φιλίαν
461 1323 554 1407 ἡμῖν,
576 1324 699 1407 ταύτην
721 1324 782 1406 τὴν
804 1331 868 1407 γῆν
890 1324 1082 1408 κτησάμενοι
1103 1325 1176 1408 ἔχο-

173 1452 250 1515 μεν,
290 1428 374 1495 ἀλλὰ
414 1431 613 1512 παλαίτερον
651 1430 699 1493 ἔτι
739 1439 808 1505 τοῖς
842 1426 970 1494 ἑαυτῶν
1011 1430 1177 1506 κινδύνοις

173 1537 316 1614 οὐθενὸς
338 1536 442 1601 άλλου
464 1535 785 1620 προσωφελήσαντος
806 1534 1007 1620 ἀφελόμενοι
1029 1539 1108 1613 τοὺς
1129 1535 1178 1620 ἐχ-

172 1644 286 1727 θρούς.
325 1640 585 1726 ’ἀποκρινώμεθά
602 1637 631 1706 τ’
653 1640 776 1724 αὐτοῖς,
795 1642 844 1706 ὅτι
862 1643 920 1718 τὰς
938 1639 1000 1726 μὲν
1018 1645 1174 1727 πρότερον

173 1749 385 1834 ὑπαρχούσας
411 1745 491 1829 ἡμῖν
518 1749 662 1830 κτησεις,
691 1747 770 1823 ὅσας
797 1745 928 1813 ἕκαστοι
954 1754 1099 1834 εἴχομεν,
1123 1747 1170 1812 ὅτε

133 1881 158 1922 ιι
172 1854 234 1936 τὴν
256 1855 371 1938 φιλίαν
399 1849 656 1935 συνετιθέμεθα,
685 1853 772 1930 ίδίας
797 1876 832 1918 τε
859 1851 915 1918 καὶ
941 1852 1179 1940 ἀναφαιρέτους

173 1957 323 2036 ἑκάστοις
345 1958 399 2022 δεῖ
414 1955 538 2041 μένειν,
561 1956 649 2023 ὅσιον
669 1956 699 2023 δ’
721 1959 775 2042 ἀν,
797 1957 854 2044 ἀφ’
877 1955 918 2025 οὑ
935 1961 993 2037 τὰς
1012 1963 1181 2044 συνθήκας

173 2066 414 2152 ἐποιησάμεθα,
442 2073 536 2150 κοινῇ
565 2067 818 2150 στρατεύσαντες
845 2066 882 2132 ἐκ
903 2066 1050 2151 πολέμου
1073 2070 1181 2156 κύριοι

172 2176 364 2259 γενώμεθα,
400 2173 527 2238 τούτων
564 2171 701 2258 ὑπάρξει
739 2175 776 2240 τὸ
816 2173 996 2258 ἐπιβάλλον
1034 2171 1182 2250 ἑκάστοις

138 2282 281 2369 3λάχος.
335 2289 437 2346 ταῦτα
464 2279 527 2361 γάρ
555 2279 630 2344 ούτε
657 2291 726 2356 τοῖς
758 2281 941 2364 συμμάχοις
973 2281 1017 2357 ὑς
1049 2280 1183 2346 άδικου·

130 2418 161 2462 ιο
174 2388 286 2474 μένοις
304 2389 404 2473 ὀργῆς
422 2384 553 2471 παρίζει
572 2387 700 2464 δικαίας
716 2387 908 2472 προφάσεις,
927 2387 1003 2453 ούτε
1021 2410 1068 2452 ττι
1088 2390 1182 2476 δήμῳ

175 2494 265 2579 δέος,
294 2496 339 2580 μὴ
363 2492 442 2580 δόξη
464 2493 505 2557 τά
527 2494 769 2579 κερδαλεώτερα
792 2497 856 2581 πρὸ
879 2505 947 2559 τῶν
968 2491 1184 2580 εὐπρεπεστέ-

174 2626 243 2687 ρων
270 2591 447 2687 αίρεῖσθαι.
492 2607 531 2684 τῇ
558 2623 593 2664 τε
616 2599 740 2685 αίρίσει
762 2611 829 2666 τῶν
852 2599 1001 2686 ἀνδρῶν,
1030 2600 1090 2676 οὑς
1105 2599 1184 2667 ’Ἀπ-

173 2729 248 2783 πιος
270 2706 364 2790 ἠξίου
387 2706 520 2791 ὁριστὰς
547 2703 704 2789 γενέσθαι
731 2716 787 2791 τῆς
810 2708 971 2791 δημοσίας
992 2715 1067 2791 γῆς,
1094 2709 1185 2774 πάνυ

174 2813 310 2877 εὐδοκῶ.
350 2813 478 2895 πολλὴν
495 2811 558 2896 γὰρ
577 2810 657 2895 ἡμῖν
681 2811 773 2879 τοῦτ’
795 2819 879 2879 οἴσει
896 2817 1085 2900 παρρησίαν
1101 2817 1197 2900 πρὸς,

135 2945 161 2986 ιε
175 2921 251 2996 τοὺς
274 2916 482 3002 δημοτικούς,
505 2914 576 2982 ἐπεὶ
593 2925 658 2982 νῦν
675 2915 706 3002 γ’
730 2921 890 3004 ἄχθονται
908 2918 978 2986 κατ’
1001 2920 1241 3006 ἀμφότερα,ιῖῖο

175 3023 229 3090 καὶ
257 3024 307 3090 ὑτι
335 3021 430 3088 αὐτοὶ
456 3034 524 3089 τῶν
552 3024 675 3132 δημοσί
674 3043 721 3090 ῶν
748 3023 853 3092 οὐθὲν
881 3026 1086 3092 ἀπολαύουσι
1108 3051 1186 3111 κτη-

246 3191 262 3238 3
282 3177 406 3238 ἐπαινῶν
424 3180 473 3236 καὶ
490 3180 645 3251 θαυμάζων
664 3181 791 3237 αύτὸνΒ
853 3187 869 3236 5
887 3182 1005 3255 ταυτην]
1024 3183 1076 3252 ὴτν
1095 3184 1186 3253 αὑτὴν

176 3274 199 3312 ο.
218 3255 321 3310 Reiske
394 3248 461 3308 ῖέδ
462 3250 558 3308 όκειΟ
579 3254 698 3308 δοκεῖο.
718 3253 838 3324 Sylburg
912 3262 943 3308 13
962 3255 1187 3325 ἀποκρινώμεθα

175 3326 221 3382 Ba
239 3325 454 3397 άποκρινύμεθα
469 3326 494 3378 R
506 3325 728 3395 ἀποκρινώμεθα
742 3325 777 3402 δὴ
793 3342 816 3380 ο.
831 3325 938 3394 Kayser
951 3325 1023 3381 Ann.
1032 3325 1102 3395 p.hss
1115 3331 1185 3382 1868

176 3418 202 3468 p.
218 3405 269 3455 816
342 3404 375 3452 20
393 3394 560 3468 προφάσεις]
579 3399 723 3467 πρόφασιν
747 3413 769 3452 ο.
790 3396 879 3454 Cobet
897 3396 963 3452 Obs.
982 3415 1009 3466 p.
1027 3404 1077 3452 170
1151 3403 1185 3452 21

177 3469 403 3539 εύπρεπεοτάτων
423 3467 445 3523 0
466 3485 534 3523 corr.
554 3467 675 3538 Sylburg
739 3509 741 3514 .
