2508 3882
487 210 655 260 -Η-
1008 209 1074 274 237

60 363 125 451 μέν
147 366 280 434 διέλυσε
302 369 365 452 την
389 366 581 454 ἐκκλησίαν,
608 380 681 446 ταῖς
701 367 732 434 δ’
761 367 833 455 ἑξῆς
859 369 996 458 ἡμέραις
1018 371 1076 458 ἀρ-

58 477 206 559 ρωστίαν
235 477 461 559 σκηπτόμενος
489 473 599 540 οὐκέτι
625 474 817 561 κατέβαινεν
844 480 892 556 εἰς
914 479 975 563 τὴν
998 476 1075 563 ἀγο-

58 581 137 665 ροίν,
160 578 233 646 ἀλλ’
253 579 432 666 ὑπομένων
451 584 552 649 ἔνδον
570 582 830 669 ἐπραγματεύετο
853 587 910 672 βίᾳ
932 582 986 650 καὶ
1008 607 1074 670 χει-

58 691 222 774 ροκρασίᾳ
235 700 384 774 κυρῶσαι
403 691 462 754 τὸν
476 690 595 773 νόμον·
614 687 669 755 καὶ
688 687 905 775 μετεπέμπετο
919 693 1074 766 Λατίνων

59 817 94 858 τε
118 791 173 858 καί
191 790 356 879 Ἑρνίκων
379 794 481 872 ὅσους
503 795 643 862 ἐδύνατο
661 799 835 873 πλείστους
857 794 910 862 ἐπὶ
932 797 994 880 την
1011 807 1074 882 φη-
1101 817 1114 858 ι

63 904 240 988 φοφορίαν.
292 901 328 966 οί
356 898 394 967 δὲ
427 898 595 988 συνῄεσαν
628 901 764 988 ἀθρόοι,
796 900 851 968 καί
883 896 926 968 δι’
956 903 1108 986 ὀλίγου5

65 1007 158 1090 μεστὴ
184 1005 291 1084 ξένων
313 1002 357 1092 ἦν
379 1008 400 1091 ἡ
423 1010 527 1086 πόλις.
572 1019 675 1075 ταῦτα
698 1011 817 1094 μαθὼν
840 1009 858 1076 ὁ
878 1009 1074 1095 Οὐεργίνιος

63 1114 235 1198 κηρύττειν
258 1111 409 1180 ἐκέλευσε
432 1116 515 1180 κατὰ
537 1119 616 1193 τοὺς
639 1119 826 1194 στενωποὺς
843 1114 975 1182 ἀπιέναι
997 1119 1075 1194 τοὺς

64 1221 103 1316 μὴ
126 1230 365 1299 κατοικοῦντας
383 1219 421 1287 ἐν
439 1230 478 1308 τη
496 1224 602 1306 πόλει,
624 1225 747 1307 χρόνον
766 1222 880 1308 ὁρίσας
898 1223 940 1289 οὐ
957 1223 1074 1289 πολύν.

62 1325 78 1390 ὁ
101 1321 139 1390 δὲ
159 1326 310 1407 Κοίσσιος
329 1326 489 1394 τάναντία
506 1325 656 1394 ἐκέλευσε
679 1329 851 1414 κηρύττειν
873 1327 1074 1416 παραμένειν
1088 1351 1114 1390 ιο

61 1435 137 1509 τοὺς
160 1431 359 1518 μετέχοντας
380 1444 438 1521 τῆς
465 1436 700 1519 ἰσοπολιτείας,
729 1433 790 1512 ἕως
815 1435 858 1501 ἂν
882 1434 1072 1521 ἐπικυρωθῇ

61 1537 79 1602 ὁ
103 1541 213 1622 νόμος.
1024 1593 1027 1600 ,

125 1643 279 1710 LXXIII.
315 1643 371 1723 Ὡς
395 1643 426 1712 δ’
448 1644 548 1713 οὐδὲν
571 1646 698 1731 ἐγίνετο
721 1647 833 1733 πέρας,
856 1649 1023 1726 δείσαντες
1041 1649 1076 1714 οἰ

60 1755 238 1837 πατρίκιοι,
261 1753 306 1837 μὴ
329 1755 453 1838 ψήφων
474 1749 510 1817 θ’
536 1751 680 1839 ἁρπαγαὶ
702 1751 757 1818 καὶ
780 1765 899 1840 χειρῶν
922 1753 1073 1839 ἐπιβολαὶ

60 1855 223 1938 γένωνται
241 1855 297 1922 καί
315 1859 411 1941 ἄλλα,
434 1859 496 1924 ὅσα
514 1864 607 1943 φιλεῖ
622 1862 714 1944 βίαια
733 1864 929 1945 συμβαίνειν
948 1860 985 1928 ἐν
1002 1872 1074 1939 ταῖς
1087 1881 1113 1924 ιο

13 1965 314 2056 ιιειστασιαζούσαις
328 1964 515 2050 ἐκκλησίαις
529 1965 768 2051 εἰσφερομένου
786 1976 846 2033 τοῦ
859 1971 977 2054 νόμον,
994 1985 1073 2034 συν-

62 2075 169 2152 ῆλθον
196 2073 244 2149 εἰς
273 2074 310 2137 τὸ
334 2070 512 2158 συνέδριον
535 2071 580 2150 ὡς
601 2069 686 2158 ὑπὲρ
709 2071 864 2140 ἁπάντων
887 2074 971 2152 ἅπαξ
993 2078 1073 2158 βου-

66 2179 267 2261 λουσόμεναι.
296 2175 435 2256 ’Ἀππιος
448 2174 509 2263 μὲν
524 2173 586 2245 οὖν
600 2190 727 2263 πρῶτος
741 2177 919 2264 ἐρωτηθείς
935 2181 1072 2265 γνώμην

66 2283 117 2348 οὐκ
141 2290 197 2348 εἰα
221 2297 405 2371 συγχωρεῖν
428 2309 473 2349 το
502 2287 595 2374 δημφ
623 2286 684 2369 τὴν
707 2287 871 2371 διανομὴν
893 2285 1107 2372 διδοίσκων,2
1222 2337 1228 2352 .

64 2389 101 2468 ώς
122 2393 270 2476 χαλεπὸς
288 2394 378 2458 ἐσται
396 2390 451 2457 καὶ
470 2390 664 2482 ἀλυσιτελὴς
682 2393 836 2469 σύνοικος
858 2381 1073 2479 ὅχλοςίἰργὸς
1087 2414 1113 2454 ιο

65 2495 215 2574 ἐθισθεὶς
236 2498 276 2563 τδι
300 2499 443 2582 δημόσια
466 2500 649 2584 λιχνεύειν,
677 2496 733 2564 καί
755 2495 859 2565 οὐδὲν
882 2499 972 2564 ἐύσει
993 2495 1072 2565 ποτὲ

64 2615 123 2670 τῶν
148 2615 276 2670 κοινῶν
299 2604 375 2670 οὔτε
397 2604 570 2689 κτημάτων
593 2605 668 2670 οὔτε
692 2607 868 2692 χρημάτων
887 2608 935 2671 ἔτι
957 2593 1072 2672 κοινὸν

63 2709 186 2791 μένειν·
223 2711 382 2796 αἰσχύνης
414 2708 443 2776 τ’
477 2709 575 2801 ίίξιονΙ
601 2720 735 2797 πρᾶγμα
768 2707 854 2777 εἰναι
887 2710 1012 2797 λέγων,
1042 2716 1074 2779 εἰ

63 2818 213 2881 Κασσίου
231 2826 493 2902 κατηγοροῦντες
511 2817 555 2894 ώς
572 2819 701 2903 πονηρὰ
719 2815 774 2883 καὶ
787 2817 963 2905 ἀσύμφορα
979 2825 1073 2886 πολι-

62 2923 244 3008 τευομένου
267 2921 403 2989 καὶτὸν
426 2925 532 3008 δῆμον
555 2925 821 3010 διαφθείροντος,
850 2924 947 2991 ἔπειτ’
976 2926 1071 2994 αὐτοὶ
1085 2949 1110 2990 ιε

62 3039 154 3116 κοινῇ
178 3031 296 3116 γνώμη
319 3027 409 3096 ταῦτ’
432 3030 696 3115 ἐπικυρώσουσιν
714 3032 758 3109 ὡς
780 3032 891 3098 δίκαια
913 3031 968 3099 καὶ
992 3050 1073 3119 συμ-Ι

64 3133 219 3221 φέροντα·
253 3134 478 3220 ἐνθυμεῖσθαί
506 3133 533 3200 τ’
566 3136 687 3213 αὐτοὺς
719 3135 838 3222 ἀξιῶν,
870 3139 915 3216 ώς
946 3137 1019 3205 οὐδ’
1051 3141 1072 3224 ἡ

64 3243 153 3328 χοίρις
174 3242 196 3327 η
220 3244 309 3329 παρὰ
332 3253 399 3309 τῶν
421 3246 587 3328 πενήτων,
614 3247 645 3309 εἰ
665 3246 705 3311 τὰ
726 3246 823 3311 κοινὰ
845 3246 1072 3330 διανείμαιντο

86 3466 92 3485 Ι
132 3394 203 3523 ῗΒῆν
223 3416 309 3470 supra
327 3399 376 3453 lin.
396 3399 492 3470 script.
507 3399 553 3455 Bb
570 3399 605 3470 Ιδ
625 3400 716 3457 om.B
771 3369 983 3456 δύπεῖναιΒυ
1039 3411 1071 3460 11
1245 3435 1248 3530 ρ

66 3487 127 3533 τεως
173 3488 190 3525 ει
