2496 3878
534 171 694 220 -Ζ-
1082 167 1123 232 15

98 331 176 411 θείη
199 330 384 414 παρελθὼν
409 331 458 406 είς
480 330 541 413 τὴν
563 332 671 395 πόλιν.
709 330 745 395 οί
760 327 798 395 δὲ
816 334 1051 408 καταλιπόντες
1068 331 1159 408 τάς3

99 431 252 521 πατρῴας
281 433 393 512 ἑστίας
421 435 459 500 ἐν
486 447 556 512 τοῖς
582 435 697 521 ἀγροῖς
727 436 837 523 ὥσπερ
861 438 979 503 δοῦλοι
1001 435 1124 523 διετρέ-

99 564 203 624 φοντο
218 553 290 617 τοῖς
304 539 518 606 ἀποκτείνασι
532 543 609 618 τοὺς
621 540 764 626 πατέρας
777 541 887 608 αὐτῶν
901 546 1122 629 λατρεύοντες.

97 648 152 711 ἵνα
182 643 223 712 δὲ
252 642 338 730 μηδὲ
366 657 434 711 τῶν
461 647 573 712 ἀλλων
600 652 746 713 πολιτῶν
775 647 811 714 έν
839 647 961 734 μηθενὶ
990 647 1124 732 γένηται

97 756 176 836 μήτε
206 763 368 835 γενναῖον
395 748 470 835 μήτ’
496 750 665 838 ἀνδρῶδες
691 755 864 837 φρόνημα,
891 763 1000 820 πᾶσαν
1024 754 1123 838 έκθη-
1150 781 1162 822 ε

41 864 198 925 ιεεελύυοι
232 869 306 934 ταῖς
338 857 484 941 ἀγωγαῖς
514 859 576 942 την
607 857 870 944 ἐπιτρεφομένην
902 861 1040 943 νεότητα
1066 869 1124 944 τῆς

95 968 227 1041 πόλεως
256 963 434 1048 ἐπεβάλετο
466 962 595 1030 ἀνελὼν
625 961 687 1048 μὲν
716 966 755 1030 τά
785 964 953 1048 γυμνάσια
982 963 1038 1030 καί
1067 966 1125 1043 τάς

97 1071 279 1148 ἐνοπλίους
298 1068 444 1153 μελέτας,
463 1069 604 1147 ἀλλάξας
622 1067 660 1135 δὲ
678 1071 738 1154 τὴν
758 1071 900 1154 δίαιταν,
919 1064 940 1157 γ’]
959 1074 1123 1158 πρότερον

96 1179 130 1242 οί
150 1178 273 1254 παῖδες
297 1176 450 1263 ἐχρῶντο.
487 1185 594 1260 κομᾶν
616 1198 651 1241 τε
674 1177 736 1262 γὰρ
755 1179 833 1254 τοὺς
851 1177 993 1262 ἀρρενας
1012 1177 1158 1263 ὥσπερ4

96 1285 152 1360 τὰς
172 1282 372 1368 παρθένους
390 1281 561 1348 ἐκέλευσεν
581 1279 858 1366 ἐξανθιζομένους
875 1281 931 1348 καί
949 1286 1123 1368 βοστρυχι-
1138 1312 1162 1352 ιο

96 1389 261 1474 ζομίνους
283 1387 339 1454 καὶ
361 1388 583 1474 κεκρυφάλοις
605 1389 663 1465 τάς
684 1389 893 1472 πλοκαμίδας
916 1386 1123 1466 ἀναδοῦντας

96 1495 287 1560 ἐνδύεσθαί
306 1518 340 1559 τε
363 1497 537 1572 ποικίλους
557 1492 613 1560 καὶ
636 1495 792 1580 ποδήρεις
814 1497 1046 1579 χιτωνίσκους,
1067 1491 1123 1559 καὶ

95 1603 286 1686 χλανιδίοις
308 1599 515 1686 ἀμπέχεσθαι
537 1607 668 1678 λεπτοῖς
690 1598 746 1666 καὶ
769 1606 939 1684 μαλακοῖς,
961 1597 1017 1665 καὶ
1037 1600 1122 1665 δίαι-

95 1731 157 1771 ταν
191 1709 283 1792 ἔχειν
315 1707 381 1772 ὑπὸ
414 1718 534 1782 σκιαῖς·
571 1707 785 1790 ἠκολούθουν
813 1703 842 1770 τ’
869 1706 982 1784 αὐτοῖς
1009 1708 1056 1783 είς
1082 1709 1122 1772 τὰ

97 1815 318 1878 διδασκαλεῖα
338 1824 406 1878 τῶν
425 1812 596 1898 ὀρχηστῶν
614 1810 670 1877 καὶ
689 1812 841 1894 αὐλητῶν
859 1811 1000 1878 καὶτῶν
1018 1835 1121 1899 παρα-
1135 1839 1160 1880 ιε

95 1922 251 2002 πλησίων
278 1920 410 1996 τούτοις
432 1917 692 2003 μουσοκολάκων
714 1922 1026 2004 παραπορευόμεναι
1047 1941 1122 1984 παι-

96 2022 249 2108 δαγωγοί
272 2036 427 2108 γυναῖκες
446 2025 596 2090 σκιάδεια
614 2024 670 2090 καί
689 2025 823 2110 βιπίδας
840 2028 1044 2110 κομίζουσαι,
1067 2024 1122 2091 καὶ

98 2134 222 2197 ἔλουον
245 2131 367 2207 αὐτοὺς
389 2126 487 2196 αὗται
509 2129 625 2207 κτένας
647 2133 694 2208 είς
716 2131 756 2196 τά
776 2135 936 2216 βαλανεῖα
959 2130 1122 2216 φέρουσαι

43 2235 155 2302 1333καὶ
182 2238 302 2322 μύρων
330 2235 559 2322 ἀλαβάστρους
585 2235 640 2302 καὶ
667 2237 841 2322 κάτοπτρα.
886 2238 1021 2321 τοιαύτη
1050 2237 1156 2302 δια-5

96 2347 254 2428 φθείρων
277 2342 391 2427 ἀγωγῇ
414 2345 493 2418 τοὺς
514 2344 652 2425 παῖδας,
674 2341 735 2419 ἕως
758 2341 1013 2426 ἐκπληρώσωσιν
1035 2341 1120 2405 είκο-
1134 2370 1161 2410 εο

98 2453 179 2515 στὸν
199 2451 284 2532 ἔτος,
307 2451 368 2514 τὸν
386 2448 451 2514 ἀπὸ
470 2451 570 2514 τοῦδε
589 2451 712 2534 χρόνον
731 2452 778 2524 είς
796 2449 921 2534 ἀνδρας
939 2452 991 2510 εία
1004 2451 1120 2512 τελεῖν.

97 2556 206 2620 πολλὰ
235 2551 273 2620 δὲ
300 2553 357 2620 καί
383 2557 468 2620 ἄλλα
491 2559 656 2639 Κυμαίοις
684 2553 861 2640 ἐνυβρίσας
888 2550 943 2618 καὶ
971 2554 1121 2638 λωβησά-

99 2683 199 2743 μενος
222 2659 278 2726 καί
302 2657 372 2726 οὔτ’
396 2660 568 2744 ἀσελγείας
587 2657 656 2726 οὔτ’
679 2660 845 2745 ὠμότητος
864 2660 1021 2744 ούδεμιάς
1039 2660 1120 2726 ἀπο-

99 2770 272 2851 σχόμενος,
302 2765 350 2832 ὅτ’
379 2766 535 2853 ἀσφαλῶς
561 2764 710 2851 κατέχειν
738 2766 948 2852 ὑπελάμβανε
976 2767 1037 2849 τὴν
1064 2791 1119 2831 τυ-

98 2875 257 2957 ραννίδα,
287 2875 426 2959 γηραιὸς
458 2874 505 2939 ὢν
537 2875 602 2957 ἤδη
636 2875 730 2950 δίκας
761 2876 869 2938 ἔτισεν
901 2873 942 2937 ού
974 2874 1119 2957 μεμπτὰς
1133 2898 1158 2939 εε

97 2985 192 3056 θεοῖς
215 3003 250 3044 τε
273 2979 329 3044 καὶ
354 2979 548 3067 ἀνθρώποις
569 2982 746 3067 πρόρριζος
768 2978 983 3062 ἀπολόμενος.

169 3135 398 3210 4μηθεν<ὶ>Β
460 3136 692 3208 8δί<αι>τανΒ
755 3143 788 3191 10
808 3130 951 3190 ἐκέλευσεν
971 3129 1089 3201 έξανθιζ
1104 3167 1118 3175 -

97 3205 199 3274 μένους
215 3206 237 3260 O
258 3203 385 3261 ἐκέλευσε
404 3205 625 3276 ξανθιζομένους
644 3225 666 3262 ο.
683 3207 844 3277 Stephanus
896 3212 928 3260 12
947 3226 978 3261 τε
992 3204 1040 3259 καί
1054 3225 1118 3260 ποι-

96 3279 192 3338 κίλους
213 3279 234 3329 Β
293 3284 326 3331 14
344 3277 393 3339 τδις
412 3279 597 3340 διδασκαλίας
615 3277 717 3334 ABac
736 3277 785 3341 τὰς
804 3279 1003 3340 διδασκαλείας
1016 3276 1063 3329 Bb
1082 3277 1118 3331 τδι

96 3347 327 3402 διδασκαλεῖαΙ)
388 3354 422 3403 18
446 3350 567 3421 βαλανία
585 3349 633 3402 Ba
692 3355 725 3403 20
749 3349 786 3410 ὡς
803 3348 850 3400 Ba
874 3351 879 3416 Ι
905 3345 1117 3416 ἐκπληρώσωσιν

97 3419 140 3472 Ba
160 3415 431 3488 έκπληράισουσινΒ
