2484 3876
467 138 633 186 -z-
1016 140 1058 206 ιο

49 297 168 376 δειξάτω
194 294 252 364 καὶ
278 292 394 381 μηθὲν
422 297 472 360 ἔτι
495 296 644 380 δεόμεθα
665 300 777 382 λόγου.
824 299 862 364 αί
881 296 913 365 δ’
940 301 1094 386 ὁμολο-Ρι

48 410 113 488 γίαι,
133 402 209 469 καθ’
234 403 275 480 ἃς
292 403 501 469 διελύσασθε
520 404 605 489 πρὸς
622 405 702 480 τοὺς
720 404 866 487 δημότας
887 406 925 470 αί
939 405 1059 474 νεωστὶ

8 514 218 595 ιιιιγενύμεναι·
255 509 320 594 χρὴ
351 507 418 592 γὰρ
450 505 508 572 καὶ
536 504 614 593 περὶ
646 508 775 574 τούτων
808 509 893 594 ὑμᾶς
924 519 1057 598 μαθεῖν,

48 618 140 700 ἐπειδή
167 615 320 699 πονηρὸς
348 611 510 697 ἐξηγητής
537 612 556 679 ὁ
584 613 754 698 δήμαρχος
780 615 890 682 αὐτῶν
913 615 1057 700 ἐγένετο·
1130 631 1174 676 ί·

48 724 93 788 δύο
120 732 224 788 ταῦτα
254 721 505 803 συγχωρήματα
536 717 763 805 περιέχουσιν·
794 720 953 806 ἀφεῖσθαι
979 728 1057 802 τοὺς
1082 753 1095 794 ι

48 830 227 912 δημοτικοὺς
250 837 320 892 τῶν
343 836 471 910 χρεῶν,
501 821 557 890 καὶ
580 826 643 909 την
665 825 772 912 ἀρχήν
796 829 896 912 τήνδε
923 827 1055 895 ἀποδεί-

47 940 169 999 κνυσθαι
192 929 276 998 καθ’
305 930 450 996 ἕκαστον
473 929 629 996 ἐνιαυτὸν
653 930 844 1018 ἐπικουρίας
866 933 961 1000 ἕνεκα
986 947 1055 1000 τῶν

47 1037 300 1125 κατισχυομένων
313 1036 371 1102 καδ
385 1037 575 1120 κωλύσεως,
589 1038 672 1104 ἄλλο
687 1033 725 1103 δδ
737 1041 826 1122 παρὰ
840 1039 930 1106 ταῦτ’
943 1041 1053 1108 ούδέν.

47 1145 178 1228 μέγιστον
198 1142 233 1210 δ’
257 1144 342 1229 ὑμῖν
362 1141 516 1226 γενέσθω
535 1145 726 1230 τεκμήριον,
745 1143 796 1211 ὅτι
814 1144 891 1212 οὔδ’
914 1146 1087 1233 ὁνόμος4

47 1250 104 1316 οὔθ’
127 1254 164 1317 οιί
190 1257 368 1336 συνθῆκαι
396 1246 468 1315 κατ’
495 1248 619 1334 ἀνδρὸς
640 1253 817 1336 πατρικίου
840 1253 984 1332 δικάζειν
1006 1263 1051 1340 τῷ
1066 1273 1093 1313 ιο

47 1360 116 1447 δήμω
139 1358 334 1424 δεδώκασιν
359 1354 527 1440 ἐξουσίαν,
551 1353 569 1420 δ
587 1365 680 1421 ποιεῖ
697 1365 762 1422 νῦν
781 1357 880 1435 αὐτὸς
902 1358 921 1425 ὁ
940 1360 1052 1443 δῆμος.

45 1466 156 1529 αἰτεῖται
179 1463 250 1547 γάρ
270 1462 355 1526 αὐτὸ
378 1457 456 1544 παρ’
479 1461 575 1545 ὑμῶν
593 1462 749 1546 τήμερον,
773 1463 817 1539 ὡς
835 1465 998 1546 πρότερόν
1016 1461 1046 1546 γ’

45 1571 88 1634 οὐκ
107 1573 206 1655 ἔχων·
239 1563 356 1643 οὐδεὶς
378 1564 411 1632 δ’
439 1565 482 1631 ἂν
505 1563 659 1643 άξιώσειέ
678 1590 710 1632 τι
732 1564 809 1650 παρ’
836 1568 947 1633 ἄλλων
969 1573 1050 1654 λαμ-

45 1676 147 1759 βάνειν,
171 1669 222 1740 ὧν
244 1655 316 1738 ἐστι
335 1675 431 1761 νόμῳ
449 1672 574 1755 κύριος.
613 1674 745 1738 δίκαιον
764 1669 801 1738 δέ
823 1675 955 1758 φύσεως
972 1673 1085 1743 δυο-5

8 1803 11 1930 ρ
44 1779 222 1868 μοθέτητον,
248 1775 274 1845 ὦ
293 1780 416 1863 βουλή,
439 1788 509 1854 πῶς
527 1777 571 1842 δν
588 1783 639 1862 είη
659 1788 771 1844 τοῦτο·
794 1781 849 1844 καί
868 1781 932 1866 γάρ
952 1791 1049 1848 τοῦτο
1064 1801 1090 1842 ιο

9 1945 10 1950 ,
45 1887 139 1966 Δέκιος
169 1889 264 1973 ὑμᾶς
295 1884 380 1974 ςδετο
410 1885 484 1950 δεῖν
512 1895 663 1950 σκοπεῖν·
696 1895 766 1962 τοῖς
792 1881 854 1970 μὲν
882 1887 1048 1973 δημόταις,

9 2021 11 2052 ι
45 1995 70 2069 ἇς
86 1992 110 2058 τ’
134 1995 178 2061 ἂν
201 1994 342 2079 φύγωσι
366 1992 462 2067 δίκας
483 1989 550 2056 ὑπὸ
573 2001 641 2056 τῶν
663 1995 845 2077 πατρικίων
867 1991 923 2059 καὶ
945 1994 984 2071 ἃς
1006 1995 1048 2060 διν

46 2099 166 2178 ἐκείνους
190 2100 356 2182 διώκωσι,
379 2100 440 2162 τὸν
463 2098 573 2182 δῆμον
596 2097 753 2182 δικάζειν,
782 2109 851 2175 τοῖς
874 2095 911 2164 δέ
933 2123 1047 2184 πατρι-

10 2211 105 2283 ῖύκκίοις
129 2205 215 2292 μήθ’
250 2205 333 2270 ὅταν
357 2203 509 2286 ἐπάγωσί
533 2227 608 2268 τινα
636 2214 704 2270 τῶν
733 2206 919 2289 δημοτικῶν
950 2207 1047 2290 δίκην

11 2357 19 2396 :·
46 2311 102 2394 μήθ’
116 2313 200 2378 ὅταν
220 2307 321 2377 αὐτοὶ
340 2309 588 2375 κινδυνεύσωσι
604 2312 682 2385 τοὺς
695 2314 886 2396 πατρικίους
899 2312 939 2376 τὰ
952 2316 1042 2397 νείκη
1057 2330 1085 2369 2⁰

11 2431 12 2434 ’
47 2417 168 2505 διαιτᾶν,
202 2417 292 2482 ἀλλὰ
324 2416 456 2491 τούτοις
489 2411 551 2499 μὲν
588 2414 757 2500 ἀμφότεροι
794 2415 913 2493 ἐξεῖναι
947 2423 1044 2484 πλεο·
1107 2427 1110 2432 ’

47 2538 163 2610 ιεκτεῖν,
192 2525 279 2609 ἡμῖν
303 2521 334 2588 δ’
363 2518 544 2608 οὐδετέρου
568 2533 635 2588 τῶν
658 2524 796 2588 δικαίων
819 2522 980 2608 μετέχεινς
1013 2528 1044 2591 εί
1056 2527 1076 2591 6

49 2755 93 2804 1868
108 2770 132 2820 p.
148 2759 203 2808 815
225 2747 275 2806 ἐπὶ
293 2755 332 2821 τῷ
351 2748 429 2821 νόμῳ
447 2765 470 2802 ο.
491 2748 595 2804 Reiske
624 2752 629 2818 Ι
664 2750 906 2821 δεδοκιμασμὲνην
925 2752 948 2807 Ο
967 2755 1042 2809 δεδι-

49 2822 160 2894 κασμένην
181 2840 204 2877 c.
225 2821 334 2876 Reisko

96 2903 108 2949 3
125 2895 200 2964 ἡμᾶς
218 2894 299 2946 ΑΒο,
318 2893 392 2961 ὑμᾶς
410 2890 457 2944 Bb
548 2895 565 2944 8
584 2890 726 2954 κωλύσεως
751 2900 805 2946 τῶν
824 2893 998 2951 ἀδικούντων
1016 2915 1040 2952 ο.

50 2959 140 3034 Sylburg
241 2971 276 3018 10
299 2964 368 3032 post
392 2965 536 3030 συνθῆκαι
559 2978 657 3016 rasura
679 2965 812 3032 quattuor
834 2964 993 3022 litterarum
1016 2970 1040 3024 B

51 3039 68 3083 1²
82 3035 206 3106 τήμερον]
226 3038 368 3105 πρότερον
387 3034 412 3085 Α
470 3038 502 3085 13
521 3033 635 3098 ἀξιώσει
654 3031 694 3087 ἔτι
712 3033 762 3088 AC
781 3036 952 3113 ἀξιώσεκε)
971 3061 998 3095 τι
1015 3041 1038 3094 Β

49 3102 162 3166 ἀξιώσειεν
184 3107 225 3162 ἔτι
249 3123 273 3160 0.
293 3104 440 3172 Kiessling
462 3104 591 3169 ἀξιώσειέ
613 3123 669 3158 πον
692 3105 806 3177 (δήπου)
825 3124 849 3163 c.
868 3108 1039 3182 Grasberger

50 3169 184 3248 Philologus
203 3184 239 3232 28
263 3179 358 3248 (1869)
383 3193 408 3244 p.
426 3178 478 3228 551
503 3175 537 3228 cf.
557 3175 705 3230 Baumann
724 3177 837 3243 (διεκθεῖ.
861 3198 978 3252 gramm.
1002 3185 1037 3240 de

51 3259 81 3298 usu
94 3249 164 3304 mod.
184 3265 211 3317 p.
227 3254 263 3302 35
353 3251 386 3299 14
405 3248 520 3300 δίκαιον
538 3245 573 3316 δὴ
593 3247 616 3300 Ο
635 3263 703 3302 corr.
723 3248 867 3319 Kiessling
951 3259 984 3307 17
1004 3255 1038 3321 ἅς

52 3317 96 3378 7ῑο
112 3320 144 3383 άς
162 3319 189 3374 τ’
213 3319 316 3374 Beiske
336 3321 341 3386 Ι
362 3317 488 3387 φεύγωσι
505 3334 528 3371 c.
547 3317 651 3374 Reiske
724 3326 757 3373 19
776 3320 906 3388 δπάγωσί
919 3344 983 3378 τινα
1005 3359 1034 3369 -

18 3421 20 3504 ρ
53 3385 105 3457 δίκην
122 3391 175 3444 ΑΒ
194 3387 323 3460 ἐπάγωσί
338 3408 396 3442 τινι
417 3419 444 3428 -—
468 3389 594 3457 δίκηνδδ
678 3394 712 3443 20
730 3391 913 3446 κινδυνεύωσι
931 3393 1035 3452 Βείεδτο
