2508 3882
490 205 587 261 :11
625 239 658 249 -
980 189 1081 273 '263

81 369 205 447 οὐδενὸς
231 370 296 456 γόρ
324 373 388 436 είσι
410 381 479 436 τῶν
501 368 563 448 ἔξω
586 379 645 454 τῆς
667 373 794 448 πόλεως
817 370 853 435 οί
872 371 934 454 τὴν
957 372 1082 456 δημαρ-

81 477 165 561 χικην
187 479 316 562 ἔχοντες
340 474 493 554 ἐξουσίαν
515 477 638 562 κύριοι·
662 474 919 562 περιγέγραπται
940 478 1003 562 γὰρ
1022 477 1082 542 αὐ-

80 593 137 648 τῶν
161 584 198 648 τὸ
230 583 350 668 κρότος
376 594 447 660 τοῖς
473 586 610 670 τείχεσι,
642 581 698 648 καὶ
725 578 804 649 οὐδὲ
832 582 1081 667 ἀπαυλισθῆναι

80 698 130 773 τῆς
148 692 274 765 πόλεως
296 688 410 766 αὐτοῖς
431 687 541 773 θέμις,
564 689 615 754 ὅτι
639 689 682 772 μὴ
706 692 789 774 πρὸς
811 687 870 755 ἕνα
892 692 1022 775 καιρόν,
1044 689 1082 754 έν

80 788 102 882 ᾧ
129 803 226 860 πᾶσαι
255 795 403 860 θύουσιν
425 795 463 859 αί
489 803 547 877 τῆς
576 797 702 870 πόλεως
731 793 828 881 ἀρχαὶ
857 795 975 878 κοινὴν
997 792 1080 880 ὑπὲρ
1109 815 1122 858 ο

79 909 132 966 τοῦ
151 905 307 966 Λατίνων
330 903 453 977 ἔθνους
475 909 521 988 τῷ
546 898 607 964 Διὶ
629 904 755 965 θυσίαν
778 898 831 966 ἐπὶ
853 902 891 966 τὸ
911 898 1082 984 Ἀλβανῶν

79 1007 148 1091 όρος
173 1005 425 1091 ἀναβαίνουσαι.
473 1014 572 1072 τοῦτο
603 1004 751 1089 διαμένει
782 1004 877 1092 μέχρι
905 1016 973 1071 τῶν
999 1003 1116 1078 καθ”ί

78 1111 153 1196 ἡμᾶς
174 1115 306 1198 χρόνων
328 1115 366 1179 τὸ
389 1114 485 1197 ἔθος,
511 1114 549 1177 τὸ
572 1115 720 1197 μηθενὸς
741 1108 828 1177 εἶναι
850 1123 918 1178 τῶν
940 1110 1001 1190 ἔξω
1024 1122 1082 1197 τῆς

78 1221 193 1296 πόλεως
219 1222 298 1296 τοὺς
321 1219 511 1304 δημάρχους
536 1221 686 1304 κυρίους·
715 1217 771 1283 καὶ
798 1219 839 1302 δὴ
867 1218 1004 1285 καὶτὸν
1027 1218 1082 1304 έμ-

79 1325 191 1406 φόλιον
213 1322 384 1409 Ῥωμαίων
415 1327 562 1408 πόλεμον
596 1324 699 1408 <τὸν>
727 1322 781 1389 έπί
812 1334 870 1409 τῆς
901 1324 980 1409 έμης
1011 1326 1082 1409 ἡλι-
1096 1349 1123 1392 ιο

24 1433 152 1514 μεειιίας,
181 1430 218 1507 ὃς
241 1429 395 1514 μέγιστος
416 1441 483 1496 τῶν
506 1432 570 1515 πρὸ
594 1430 698 1497 αὐτοῦ
720 1427 873 1514 πολέμων
897 1428 1081 1514 έγένετο,ἡ

77 1539 229 1621 κινήσασα
251 1537 418 1623 πρόφασις
441 1534 494 1602 ἐπὶ
516 1541 654 1614 πολλαῖς
676 1537 791 1612 ἀλλαις
814 1535 936 1614 δόξασα
959 1539 1080 1621 μείζων

78 1638 153 1709 εἶναι
179 1641 235 1708 καὶ
258 1642 390 1728 <μόνη>
413 1643 589 1730 ἀποχρῶσα
618 1644 792 1726 διαστῆσαι
818 1642 879 1725 τὴν
901 1645 999 1708 πόλιν
1022 1644 1082 1727 ηδε

78 1745 122 1834 ἀμ,
148 1750 200 1815 ὅτι
226 1760 295 1816 τῶν
318 1749 498 1837 δημάρχων
520 1745 607 1826 τινὲς
635 1747 853 1830 ἐξεληλάσθαι
875 1757 933 1832 τῆς
955 1752 1083 1826 πόλεως

78 1858 258 1941 αἰτιώμενοι
280 1859 338 1944 βίᾳ
360 1859 443 1942 πρὸς
465 1866 526 1922 τοῦ
548 1858 621 1921 τότε
643 1852 838 1943 κατέχοντος
859 1856 901 1919 τὰ
920 1858 1002 1922 κατὰ
1020 1857 1082 1940 τὴν
1097 1879 1123 1920 ιτ

76 1958 205 2030 Ἰταλίαν
232 1964 411 2047 ἡγεμόνος,
442 1963 498 2027 ’ίνα
531 1963 673 2044 μηδενός
699 1956 768 2026 εἶεν
795 1964 843 2027 ἔτι
869 1963 997 2048 κύριοι,
1029 1961 1082 2028 έπὶ

78 2071 127 2134 τὸν
149 2070 187 2135 έν
209 2079 249 2154 τῇ
273 2072 421 2155 Γαλατίᾳ
443 2068 483 2132 τά
506 2069 710 2154 στρατόπεδα
739 2066 919 2153 κατέχοντα
947 2069 993 2144 ὡς
1019 2068 1082 2132 οὐκ

78 2176 213 2259 ἔχοντες,
241 2175 318 2240 ὅποι
345 2174 548 2258 τράπωνται,
576 2170 772 2257 κατέφυγον.
824 2173 842 2239 ό
872 2169 909 2236 δὲ
936 2181 974 2257 τῇ
1001 2180 1117 2258 προ-8

77 2279 165 2361 φάσει
187 2281 290 2367 ταύτῃ
319 2279 539 2365 χρησόμενος,
566 2280 611 2356 όις
637 2278 720 2364 ἀρχῇ
748 2280 856 2362 δήμου
878 2291 1022 2362 παναγεῖ
1042 2281 1080 2344 τὸ

77 2387 185 2470 κρότος
213 2386 434 2473 ἀφαιρεθείσῃ
460 2387 550 2470 παρὰ
572 2388 650 2462 τοὺς
672 2386 792 2471 ὅρκους
815 2395 882 2450 τῶν
905 2387 1081 2472 προγόνων
1095 2407 1122 2450 εο

78 2492 164 2570 αὐτὸς
187 2493 288 2570 ὁσίως
310 2490 366 2557 καὶ
393 2494 458 2556 σὺν
487 2493 563 2576 δίκη
587 2495 725 2576 βοηθῶν
748 2490 846 2566 αι’πός
869 2513 904 2554 τε
927 2493 990 2556 σὺν
1013 2502 1083 2569 τοῖς

78 2598 181 2676 όπλοις
207 2594 315 2682 ἦλθεν
337 2600 384 2674 είς
406 2597 474 2683 μὴν
497 2600 596 2663 πόλιν
619 2594 674 2661 καὶ
697 2599 775 2673 τοὺς
797 2597 923 2681 ἀνδρας
946 2593 999 2660 έπὶ
1021 2598 1082 2680 τὴν

78 2701 172 2790 ἀρχὴν
194 2707 368 2789 κατήγαγε.

133 2809 345 2875 LXXXVIII.
381 2813 461 2876 Τότε
485 2807 515 2874 δ’
540 2803 601 2874 οὖν
625 2810 661 2874 οί
681 2810 821 2893 δημόται
844 2818 902 2893 τῆς
925 2811 1084 2896 δημαρχι-

78 2924 129 2997 κῆς
146 2915 297 2996 ἐξουσίας
319 2911 420 2981 οὐδὲν
443 2914 667 2992 ἀπολαύοντες
688 2914 827 2999 ὑφεῖντο
849 2925 910 2980 τοῦ
932 2917 1083 3001 θράσους
1096 2938 1124 2980 εε

31 3020 125 3085 umal
149 3025 345 3108 προσιόντες
369 3032 439 3098 τοῖς
462 3019 515 3086 ἐπὶ
538 3030 596 3105 τῆς
619 3024 852 3106 στρατολογίας
874 3020 1085 3106 τεταγμένοις

124 3177 323 3252 όθόο<υσιν>
340 3177 387 3231 Bb
439 3184 455 3232 6
471 3175 602 3250 Ἀλβανδν
621 3195 645 3233 c.
659 3175 803 3247 Kiessling
820 3177 852 3232 τδ
870 3175 1001 3250 Ἀλβανης
1019 3176 1035 3231 ό
1053 3195 1084 3237 ος

79 3263 98 3300 ο.
122 3249 293 3319 Grasberger
317 3247 482 3319 Philologus
501 3255 536 3305 28
558 3251 650 3318 (1869)
673 3267 700 3318 p.
716 3254 767 3303 547
879 3254 911 3301 10
939 3247 989 3301 τὸν
1017 3197 1081 3300 εδδ.

81 3317 228 3389 Stephanus
285 3326 316 3374 11
333 3317 363 3382 ὃς
378 3319 442 3374 αδδ.
456 3319 503 3372 Bb
518 3336 604 3389 supra
616 3319 666 3375 lin.
723 3325 756 3373 12
776 3319 876 3389 μείζων
896 3317 960 3372 εδδ.
977 3314 1084 3386 AOmg

81 3391 191 3462 λθμόνη
210 3391 276 3448 αδδ.
296 3390 400 3445 Reiske
474 3395 506 3444 15
525 3389 561 3444 τὰ
580 3389 686 3445 add&
764 3397 796 3443 1‘1
816 3395 849 3458 τῇ
869 3388 975 3442 αδδΒ
1049 3394 1083 3442 19

79 3455 162 3524 ἣπολν
179 3463 243 3533 ἄγει
261 3461 367 3517 ABbc
385 3470 444 3516 πᾶν
463 3462 526 3530 ἀγει
543 3459 591 3514 Ba
609 3477 678 3517 corr.
698 3460 821 3530 Sylburg
