2496 3878
97 177 137 242 14
519 181 682 228 -Ζ-

57 341 205 407 4ἀλλων
226 339 390 425 ἀμείνους.
428 334 475 406 ὧν
494 336 525 405 δ’
544 337 734 405 ἀπέκτεινεν
752 337 886 424 ἀνδρῶν
905 340 962 417 τάς
980 342 1110 417 εἰκόνας

93 446 221 513 ἀνελὼν
244 446 280 512 ἐκ
302 448 425 523 παντὸς
443 447 536 531 ἰεροῦ
553 444 608 511 καὶ
628 449 774 531 βεβήλου
793 448 908 529 τόπου,
930 443 1044 530 φέρων
1063 446 1110 523 εἰς

92 557 170 630 τοὺς
193 554 314 630 αὐτοὺς
336 555 458 629 τόπους
480 552 538 629 τὰς
561 554 647 628 ἰδίας
670 549 739 618 ἀντ’
760 551 896 618 ἐκείνων
914 549 1107 636 ἀνέστησεν·

92 660 198 738 οἰκίας
224 656 256 724 δ’
283 659 394 724 αὐτῶν
415 656 472 724 καί
494 659 637 744 κλήρους
659 657 715 724 καὶ
737 659 799 741 τήν
825 658 945 741 λοιπήν
967 655 1110 742 ὕπαρξιν

65 764 285 850 οάναλαβών,
313 765 504 850 ἐξελόμενος
530 767 656 850 χρυσὸν
682 762 737 830 καί
764 766 915 850 ἄργυρον
941 761 997 828 καὶ
1025 770 1060 828 εἰ
1077 787 1109 828 τι

91 872 173 938 ἀλλο
200 872 399 958 τυραννίδος
422 867 464 953 ἦν
488 870 582 948 ἀξιον
605 879 726 955 κτῆμα,
753 872 793 936 τά
816 872 915 937 λοιπὰ
938 881 1007 946 τοῖς
1030 886 1109 952 συγ-

91 978 353 1044 κατασκευάσασι
380 979 441 1061 τήν
469 977 575 1062 ἀρχήν
599 976 791 1061 ἐχαρίσατο,
815 981 970 1053 πλείστας
993 972 1031 1041 δέ
1052 974 1108 1040 καὶ

91 1087 245 1170 μεγίστας
267 1084 394 1164 δωρεάς
416 1095 486 1160 τοῖς
508 1082 719 1149 ἀποκτείνασι
742 1086 819 1159 τοὺς
843 1081 969 1150 ἑαυτῶν
991 1084 1109 1148 δεσπό-

90 1213 148 1267 τας
171 1189 298 1255 ἐδίδου·
323 1189 359 1254 οί
375 1186 405 1254 δ’
426 1187 543 1272 ἠξίουν
562 1191 610 1254 έτι
628 1187 683 1254 καὶ
702 1188 834 1273 γυναιξὶ
853 1201 921 1256 τῶν
938 1192 1108 1254 δεσποτῶν

51 1317 78 1358 ιο
91 1295 146 1361 καὶ
168 1296 356 1380 θυγατράσι
380 1307 558 1360 συνοικεῖν.

158 1401 266 1466 VIIH.
303 1403 429 1467 Γενεὰν
457 1399 495 1466 δέ
521 1413 588 1468 τῶν
615 1399 874 1487 πεφονευμένων
900 1403 961 1486 τήν
984 1403 1106 1487 ἄρρενα

90 1505 159 1574 κατ’
183 1506 284 1592 ἀρχὰς
307 1507 343 1572 έν
366 1506 485 1573 οὐθενὶ
508 1512 596 1597 λόγῳ
619 1508 858 1592 ποιησάμενος,
880 1508 1022 1595 ὕστερον
1045 1505 1103 1572 εἰτ’

91 1613 127 1679 έκ
149 1617 356 1698 θεοπροπίου
374 1616 465 1690 τινὸς
483 1621 547 1679 είτε
565 1613 620 1679 καὶ
638 1615 721 1679 κατὰ
739 1617 797 1680 τὸν
816 1616 926 1680 εἰκότα
945 1615 1105 1698 λογισμὸν

91 1720 132 1785 οὐ
150 1721 270 1805 μικρὸν
288 1720 377 1806 αὐτῷ
397 1718 472 1796 δέος
489 1718 739 1806 ὑποτρέφεσθαι
757 1723 897 1805 νομίσας
916 1720 1180 1807 ἐπεχείρησε1331

50 1808 152 1923 Ξμέν
180 1825 216 1890 ἐν
244 1823 350 1913 ήμέρμ
377 1835 436 1913 μιᾷ
463 1835 572 1891 πᾶσαν
601 1825 772 1892 ἀπολέσαι·
804 1828 915 1910 δεήσει
941 1823 977 1892 δέ
999 1831 1106 1912 πολλή

35 1975 37 1977 -
89 1929 307 2016 χρησαμένων
335 1931 506 2016 ἁπάντων,
533 1929 609 2018 παρ’
637 1925 688 2010 οἷς
716 1935 834 2018 ἔτυχον
857 1935 948 1998 αἵτε
972 1931 1107 2018 μητέρες

89 2037 200 2103 αὐτῶν
231 2033 329 2104 οὖσαι
361 2036 416 2103 καί
449 2040 483 2104 οἰ
512 2040 627 2116 παῖδες
659 2042 873 2126 τρεφόμενοι,
905 2043 1106 2125 χαρίσασθαι

88 2145 293 2228 βουλόμενος
323 2144 436 2220 αὐτοῖς
467 2142 522 2209 καί
551 2147 674 2229 ταύτην
704 2146 764 2228 τήν
795 2146 925 2230 δωρεάν
954 2145 1105 2211 θανάτου

89 2246 150 2334 μὲν
182 2248 320 2316 ἀπολύει
351 2252 440 2335 παρὰ
471 2252 623 2335 γνώμην,
655 2253 809 2336 φυλακήν
842 2247 880 2315 δέ
907 2252 1106 2335 ποιούμενος

50 2377 76 2418 εο
90 2355 211 2440 αὐτῶν,
230 2358 273 2440 μή
292 2380 324 2421 τι
344 2358 522 2434 συστάντες
539 2352 608 2442 μετ’
626 2357 779 2440 ἀλλήλων
797 2358 1006 2441 βουλεύσωσι
1024 2358 1105 2422 κατὰ

88 2471 146 2545 τής
167 2465 381 2547 τυραννίδος,
409 2462 541 2528 ἀπιέναι
563 2464 689 2540 πάντας
711 2461 883 2529 ἐκέλευσεν
909 2462 945 2528 έκ
967 2471 1024 2546 τής
1046 2465 1105 2527 πό-

89 2573 172 2644 λεως
203 2570 305 2635 ἀλλον
338 2571 421 2656 άλλη
453 2567 508 2634 καί
540 2571 670 2636 δίαιταν
703 2572 790 2654 ἔχειν
822 2568 859 2634 έν
890 2580 959 2645 τοίς
990 2567 1104 2650 ἀγροῖς

88 2675 234 2757 μηθενὸς
252 2685 319 2740 τῶν
337 2678 574 2759 προσηκόντων
593 2673 783 2758 ἐλευθέροις
795 2673 889 2740 παισὶ
904 2671 978 2759 μήτ’
996 2672 1104 2758 ἐπιτη-

89 2779 249 2861 δεύματος
271 2781 351 2862 μήτε
374 2781 568 2864 μαθήματος
586 2781 907 2866 μεταλαμβάνοντας,
930 2779 1013 2846 ἀλλά
1032 2802 1104 2846 ποι-

48 2905 74 2946 εο
88 2885 266 2968 μαίνοντάς
296 2908 332 2950 τε
363 2883 418 2950 καὶ
450 2879 553 2950 τάλλα
583 2887 623 2951 τὰ
652 2887 734 2951 κατὰ
763 2889 841 2963 τοὺς
870 2885 995 2972 ἀγροὺς
1024 2888 1104 2972 ἔργα

87 2990 299 3078 πράττοντας,
322 2992 472 3058 θάνατον
495 2991 682 3076 ἀπειλήσας,
706 2998 740 3057 εἰ
758 3015 807 3069 τις
830 2992 863 3071 ἐξ
883 2992 993 3057 αὐτῶν
1012 2992 1104 3078 εὑρε-

160 3225 173 3271 1
198 3215 368 3272 ἀπέκτειναν
392 3217 414 3271 O
438 3220 551 3287 praeter
574 3219 596 3271 B
668 3226 684 3272 2
709 3218 757 3273 καί
781 3217 820 3282 εἰς
833 3219 977 3342 ἱβεβήλους
998 3217 1102 3282 τόπους

86 3284 183 3410 φέρων
202 3287 225 3341 O
244 3288 397 3357 praeterB
448 3291 597 3359 ὂχρυσίον
615 3289 665 3370 ηαδ
684 3289 818 3371 ἀργύριον
907 3296 947 3378 12Ι
960 3289 1102 3359 καταρχὰς

85 3359 341 3500 ιιίήάἶῖἶδῖἰῗ.
362 3360 744 3500 ειὲἰιέἕίέθίάάῗίἔῖἕι
764 3355 1059 3501 οἷῖιῖῗιέξίἰίῖἕω
1079 3360 1101 3415 ⁰
