2538 3884
522 218 692 271 -Θ-
1049 216 1114 282 339

14 393 191 462 1843μενοι
214 389 275 445 τοῦ
297 377 454 464 πολέμου.
490 389 552 446 τοῦ
575 375 613 444 δὲ
634 381 793 444 Μαλλίου
816 379 1033 456 κελεύσαντος
1055 380 1114 445 αὐ-

82 494 161 562 τοῖς
185 483 350 572 ἀργύριόν
372 482 400 552 τ’
428 488 476 564 είς
498 486 715 570 ὀψωνιασμὸν
737 484 893 551 ἐνιαυτοῦ
914 494 953 570 τη
977 493 1114 573 στρατιᾷ

82 589 147 658 καὶ
175 592 323 676 διμήνου
349 593 475 678 τροφάς
502 589 700 677 ἀποφέρειν,
727 590 808 656 όταν
833 589 995 657 δὲταῦτα
1017 595 1113 677 ποιή-

84 712 200 762 σωσιν
227 698 275 774 εἰς
297 695 425 783 Ῥώμην
453 695 668 764 ἀποστέλλειν
694 699 773 774 τοὺς
796 697 1050 782 διαλεξομένους
1072 708 1112 785 τῇ

84 806 201 888 βουλῇ
230 799 307 888 περὶ
337 813 405 869 τῶν
435 803 638 888 διαλύσεων,
668 801 901 881 ἐπαινέσαντες
927 813 1029 870 ταῦτα
1056 803 1112 871 καὶ
1139 827 1152 868 5

85 909 148 974 διά
172 907 300 994 ταχέων
323 911 362 975 τό
383 907 412 976 τ’
435 909 585 989 ὀψώνιον
608 917 647 994 τῇ
671 917 809 996 στρατιᾷ
828 906 884 974 καὶ
902 910 939 975 τὸ
959 908 1034 976 ἀντὶ
1051 921 1112 978 τοῦ

85 1017 189 1082 σίτου
225 1011 447 1100 συγχωρηθὲν
478 1015 545 1080 ὑπὸ
576 1024 638 1081 τοῦ
669 1017 828 1082 Μαλλίου
859 1015 1113 1101 κατενέγκαντες

85 1120 259 1208 άργύριον
288 1115 372 1206 ἧκον
400 1122 448 1198 εἰς
473 1123 536 1206 τὴν
558 1119 699 1206 Ῥώμην·
732 1118 787 1186 καὶ
814 1123 1032 1200 καταστάντες
1059 1121 1112 1189 ἐπὶ

84 1229 153 1311 την
172 1229 303 1312 βουλὴν
322 1229 521 1312 συγγνώμης
538 1223 591 1292 ἐπὶ
605 1236 675 1304 τοϊς
688 1230 844 1312 γεγονόσι
857 1238 971 1313 τυχελν
984 1229 1112 1315 ἠξίουν,

84 1331 146 1400 καὶ
176 1335 227 1412 εἰς
255 1337 316 1401 τὸν
345 1337 465 1400 λοιπὸν
493 1336 617 1420 χρόνον
647 1331 839 1417 ἀπαλλαγῆς
866 1343 928 1401 τοῦ
954 1336 1110 1422 πολέμου.
1126 1356 1153 1396 ιο

84 1444 228 1506 πολλῶν
258 1435 296 1504 δὲ
326 1437 516 1523 λεχθέντων
546 1439 593 1515 είς
621 1437 792 1523 ἀμφότερα
820 1438 861 1502 τά
888 1436 971 1524 μέρη
999 1444 1145 1524 λόγων3

86 1545 247 1630 ἐνίκησεν
276 1544 297 1627 ἡ
326 1543 531 1611 σπένδεσθαι
557 1553 765 1630 παραινοῦσα
792 1544 852 1610 τὸν
877 1545 961 1631 πρὸς
989 1547 1111 1625 αὐτοὺς

85 1656 240 1737 πόλεμον
262 1652 391 1736 γνώμη,
413 1653 568 1733 γίνονταί
587 1647 616 1716 τ’
637 1647 756 1736 ἀνοχαὶ
777 1659 838 1716 τοῦ
860 1648 1008 1735 πολέμου
1028 1657 1111 1740 πρὸς

87 1758 215 1835 αὐτοὺς
237 1768 576 1843 τεσσαρακονταετεῖς.
615 1753 670 1822 καὶ
689 1753 801 1841 οἱμὲν
819 1753 969 1843 ἀπῄεσαν
986 1763 1111 1838 πολλάς
1191 1779 1197 1816 2

86 1873 126 1950 τῇ
155 1868 254 1931 πόλει
282 1872 339 1947 της
366 1864 501 1950 εἰρήνης
527 1862 662 1949 χάριτας
685 1863 825 1946 εἰδότες,
855 1860 935 1930 ὁδε
957 1866 1110 1944 Μάλλιος
1125 1887 1151 1929 ιε
1259 1891 1260 1896 ’

86 1969 295 2056 ἀφικόμενος
318 1969 364 2046 είς
387 1970 449 2053 τὴν
471 1971 583 2051 πόλιν,
606 1967 659 2034 ἐπὶ
682 1977 721 2054 τῇ
739 1971 918 2036 καταλύσει
936 1982 996 2038 τοῦ
1014 1974 1110 2040 πολέ-

86 2101 154 2160 μου
173 2078 236 2143 τὸν
253 2078 353 2154 πεζὸν
370 2077 543 2161 θρίαμβον
561 2075 791 2161 αἰτησάμενος,
813 2079 941 2161 ἔλαβεν.
978 2077 1108 2162 ἐγένετο

29 2181 124 2249 1844δὲ
148 2180 207 2249 καὶ
229 2186 362 2267 τίμησις
384 2179 438 2247 ἐπὶ
459 2190 520 2265 τῆς
541 2182 669 2247 τούτων
692 2181 805 2268 ἀρχῆς,
828 2180 883 2248 καὶ
906 2179 991 2267 ἦσαν
1011 2186 1047 2250 οί
1061 2209 1110 2250 τι-

85 2290 276 2375 μησάμενοι
306 2291 438 2354 πολλται
468 2297 555 2373 σφᾶς
582 2285 611 2354 τ’
642 2288 764 2364 αὐτοὺς
791 2286 847 2354 καὶ
876 2291 1025 2375 χρήματα
1052 2289 1108 2357 καὶ

85 2399 165 2474 τοὺς
195 2394 233 2462 ἐν
259 2394 326 2480 ἥβη
353 2395 474 2470 παῖδας
497 2394 600 2483 ὀλίγῳ
622 2396 757 2472 πλείους
778 2398 970 2481 τρισχιλίων
992 2419 1027 2463 τε
1051 2396 1106 2464 καὶ
1120 2420 1147 2460 ιο

86 2501 168 2568 δέκα
192 2501 378 2586 μυριάδων.

153 2605 326 2672 XXXVII.
366 2608 411 2673 Οί
438 2602 477 2671 δέ
503 2608 584 2691 μετὰ
610 2608 750 2686 τούτους
775 2610 1024 2695 παραλαβόντες
1045 2612 1108 2694 τὴν

84 2714 216 2780 ύπατον
240 2711 357 2799 ἀρχήν,
383 2714 522 2790 Λεύκιος
544 2715 698 2798 Αἰμίλιος
719 2715 900 2802 Μάμερκος
921 2718 959 2782 τὸ
982 2719 1108 2803 τρίτου,

83 2819 141 2887 καὶ
167 2819 356 2897 Οὐοπίσκος
376 2816 529 2903 Ἰούλιος,
555 2817 609 2886 ἐπὶ
635 2829 693 2905 τῆς
719 2818 862 2907 ἑβδόμης
887 2821 943 2889 καὶ
966 2821 1107 2910 ἑβδομη-

84 2935 209 3011 κοστῆς
232 2925 447 3011 ὀλυμπιάδος,
469 2925 513 3008 ἣν
531 2923 624 2992 ἐνίκα
643 2927 778 2993 στάδιον
796 2930 934 3014 Δάνδης
949 2927 1105 3017 Ἀργεῖος,
1119 2951 1146 2993 ιε

159 3055 174 3102 1
199 3048 315 3102 Μαλίου
333 3047 379 3101 Bb
453 3051 468 3098 '1
492 3046 776 3117 *κατενεγκόντεςθ
799 3049 907 3103 correxi
980 3057 996 3106 8
1020 3053 1106 3123 άργύ-

85 3139 148 3190 ριον
172 3135 229 3173 om.
247 3118 295 3171 Ba
403 3122 435 3170 11
459 3115 547 3171 verba
568 3117 634 3173 inde
654 3135 671 3171 ε
689 3122 798 3174 πολλῶν
816 3137 906 3189 usque
924 3121 962 3175 ad
979 3124 1104 3194 πολέμου

84 3210 109 3246 v.
132 3197 166 3246 13
190 3191 309 3260 propter
326 3186 555 3243 homoeoteleuta
572 3205 626 3245 om.
645 3189 692 3243 Ba
710 3206 828 3257 quorum
845 3190 941 3261 priora
959 3210 1049 3261 usque
1068 3195 1105 3248 εδ

85 3258 356 3394 mmmm
375 3257 545 3392 Βὲἓῖιεε
562 3263 795 3394 ίόίλέλλλδλ
811 3259 1104 3395 λλλῖββύόῗλλΒ

85 3403 202 3531 Βίοχχοτ.
222 3402 262 3456 XI
281 3408 325 3473 53,
345 3406 359 3456 1
385 3403 415 3456 et
432 3401 555 3472 Rutgern
575 3402 612 3456 εδ
629 3402 694 3457 Iulii
708 3402 793 3460 Afric.
813 3404 912 3475 ὀλυμπ.
931 3357 1105 3478 άναγραφύύ

84 3493 111 3544 p.

890 3566 943 3620 22*
