2508 3882
487 209 654 261 ..Q-

68 367 115 432 καὶ
137 371 202 452 τήν
220 392 254 434 τε
274 371 369 433 λείαν
388 369 620 456 ἀφαιροῦνται,
642 369 792 448 καὶτοὺς
811 373 910 456 ὁμόσε
929 383 1076 458 χωροῦν-

67 498 128 558 τας,
145 475 208 551 οὓς
225 471 287 558 μὲν
305 473 570 560 ἀποκτείνουσιν,
589 477 648 554 οὓς
666 474 697 542 δ’
715 480 762 554 είς
778 481 892 563 φυγὴν
905 477 1077 564 τρέπουσι·

67 578 115 644 καὶ
145 583 177 644 εί
206 582 251 665 μὴ
284 584 381 658 Τίτος
407 586 544 660 Σίκκιος
570 585 772 668 πρεσβευτὴς
799 581 865 650 τότ’
892 585 940 650 ὢν
968 590 1076 670 στίφει

67 685 313 776 συντεταγμένῳ
335 691 442 767 πεζῶν
464 713 499 755 τε
522 688 577 754 καὶ
600 689 726 754 ίππέιον
743 693 1004 776 παραβοηθήσας
1022 690 1076 756 ἐπ-

68 792 156 878 έσχεν
185 793 324 876 αὐτούς,
351 790 452 860 οὐδὲν
475 794 518 860 ἂν
540 798 577 861 τὸ
601 800 754 862 κωλῦσον
776 791 820 879 ἦν
842 797 973 862 ἅπασαν
996 795 1076 861 άπο-
1104 819 1117 859 ε

68 896 181 964 λε’σθαι
210 901 272 983 την
295 897 461 982 στρατιάν.
507 900 637 968 ἐκείνου
660 899 692 966 δ’
716 901 870 986 ἐμποδὼν
893 901 1076 986 γενομένου

68 1010 244 1072 συνελθεῖν
273 1009 428 1091 ἔφθασαν
457 1009 493 1074 οί
518 1005 629 1074 λοιποί
656 1010 692 1073 oc
716 1005 792 1074 καθ’
823 1007 882 1073 ἕνα
909 1010 1077 1074 διεσκεδα·

68 1110 192 1194 σμένοι·
212 1112 334 1189 πάντες
352 1109 382 1178 δ’
401 1111 438 1178 ἐν
456 1113 563 1202 ταύτςδ
583 1117 757 1198 γενόμενοι
771 1117 879 1199 λόφον
892 1116 966 1180 τινά
980 1139 1077 1180 κατα-

67 1216 289 1300 λαμβάνονται
307 1216 383 1304 περὶ
398 1221 512 1304 δείλην
526 1221 640 1302 ὀψίαν,
657 1218 711 1285 καὶ
725 1222 787 1304 τὴν
800 1220 959 1286 ἐπιοῦσαν
973 1222 1077 1298 νύκτα

68 1321 100 1386 ἐν
125 1325 234 1412 τούτῳ
259 1327 402 1410 ἔμειναν.
448 1324 649 1408 ἐπαρθέντες
671 1323 707 1392 δὲ
732 1327 929 1394 Οὐιεντανοὶ
951 1337 997 1415 τῷ
1020 1293 1117 1405 ata-ff,

67 1431 256 1514 τορθιόματι
279 1434 422 1514 πλησίου
444 1441 505 1498 τοῦ
528 1435 636 1516 λόφου
658 1436 809 1500 τίθενται
831 1433 871 1498 τὰ
894 1433 995 1514 ὅπλα,
1022 1432 1077 1498 καὶ

17 1538 138 1614 ιῑιοτοὺς
166 1535 203 1600 ἐκ
231 1545 290 1620 τῆς
315 1540 443 1615 πόλεως
464 1538 606 1604 ἐκάλουν
630 1539 675 1615 ὡς
696 1541 978 1614 κατακεκλεικότες
1000 1541 1078 1614 τοὺς
1108 1551 1111 1554 ’

65 1639 240 1725 Ῥωμαίους
276 1645 324 1719 είς
359 1648 499 1730 χωρίον,
537 1646 621 1710 ἐνθα
653 1640 754 1710 οὐδὲν
785 1655 852 1711 τῶν
884 1644 1077 1727 ἐπιτηδείων

69 1750 202 1830 ἔμελλον
229 1748 332 1832 ἕξειν,
357 1748 414 1814 καὶ
442 1751 772 1837 προσαναγκάσοντες
794 1752 856 1817 οὐκ
878 1754 926 1828 είς
948 1753 1077 1837 μακράν

69 1855 272 1939 παραδοῦναι
296 1860 390 1940 σφίσι
413 1856 452 1922 τὰ
476 1856 569 1922 δπλα.
615 1861 744 1940 γίνεταί
763 1855 792 1922 τ’
816 1858 927 1923 αὐτῶν
950 1867 1077 1943 συχνοῦ
1092 1879 1116 1920 ιι

70 1958 223 2037 ἐλθόντος
251 1963 353 2048 όχλου
381 1963 443 2028 δύο
471 1965 696 2048 στρατεύματα
722 1962 798 2051 περὶ
820 1965 877 2042 τὰς
900 1964 1078 2049 ἐπιμάχους

71 2070 207 2149 λαγόνας
229 2077 291 2134 τοῦ
314 2071 434 2152 λόφου,
456 2070 562 2135 πολλά
580 2067 608 2134 τ’
627 2071 711 2136 ἄλλα
729 2071 875 2156 φρούρια
893 2071 1077 2155 βραχύτερα

71 2175 144 2237 κατά
165 2176 246 2250 τοὺς
268 2168 368 2257 ἦττον
391 2173 581 2261 ἐπικαίρους
602 2178 736 2253 τόπους·
760 2175 815 2242 καὶ
837 2176 943 2240 πάντα
961 2171 1004 2258 ἦν
1022 2197 1077 2258 με·

72 2280 125 2342 στά
147 2279 271 2344 ὅπλων.
308 2280 327 2346 ὁ
351 2275 381 2344 δ’
404 2280 514 2366 ἕτερος
535 2292 603 2346 τῶν
625 2281 759 2347 ὑπάτων
780 2281 907 2364 Φάβιος
929 2281 1076 2364 γραμμά-
1096 2285 1118 2348 5

71 2406 130 2448 ταν
152 2386 242 2470 παρά
265 2397 325 2452 τοῦ
349 2388 573 2480 συνάρχοντος
595 2387 808 2473 ἀφικομένων
830 2386 1001 2470 ἐπιγνούς,
1026 2386 1077 2452 ότι
1091 2407 1118 2446 ιο

71 2489 103 2552 ἐν
124 2489 274 2576 ἐσχάτοις
296 2492 383 2558 είσδν
406 2495 442 2560 υί
461 2494 751 2576 κατακλεισθέντες
774 2493 810 2559 ἐν
828 2503 873 2582 τῷ
895 2496 999 2581 λόφῳ,
1022 2491 1077 2557 καὶ

72 2598 356 2682 κινδυνεύσουσιν,
378 2600 413 2664 εί
431 2600 476 2682 μή
494 2623 545 2677 τις
562 2601 675 2677 αὐτοῖς
693 2602 867 2685 βοηθήσει,
889 2603 973 2686 λιμῷ
993 2597 1077 2664 ἁλῶ-

72 2725 130 2787 ναι,
148 2703 338 2787 ἀναστήσας
355 2707 415 2770 τὸν
434 2708 576 2791 στρατὸν
594 2701 675 2790 ἦγεν
690 2705 743 2771 ἐπὶ
761 2708 838 2783 τοὺς
853 2705 1078 2782 Οὐιεντανοὺς
1105 2753 1107 2758 -

73 2811 127 2872 σὺν
148 2810 255 2894 τάχει·
287 2808 341 2876 καλ
365 2814 396 2876 εί
418 2819 477 2898 μιᾷ
499 2814 707 2897 βραδύτερον
729 2811 835 2900 ἡμέρᾳ
856 2813 994 2896 διήνυσε
1016 2815 1078 2897 τὴν

73 2912 160 3000 ὁδόν,
189 2911 292 2982 οὐδὲν
314 2915 357 2982 δν
381 2919 524 3002 ὤνησεν,
547 2917 631 2986 ἀλλά
654 2917 906 3003 διεφθαρμένην
928 2920 988 3002 τὴν
1012 2919 1081 2985 ἐκεῖ
1092 2936 1118 2976 ²⁵

133 3185 149 3232 2
168 3179 412 3234 ἀποκτιννύουσιν
430 3180 455 3232 A
536 3187 552 3233 3
571 3182 670 3242 Σίκιος
687 3181 710 3234 Β
792 3189 806 3236 7
827 3180 919 3237 λοιποὶ
939 3178 1013 3252 (of)
1030 3180 1077 3233 Bb

73 3255 100 3302 10
116 3249 146 3305 δὲ
168 3250 340 3306 Οὐιεντανοὶ
353 3250 379 3302 Α
398 3249 430 3305 δὲ
451 3249 649 3306 ΟίιεντανολΒ
715 3259 748 3307 15
767 3255 875 3322 γίνεται
888 3251 920 3305 δὲ
934 3267 957 3304 ο.
971 3251 1079 3318 Kayser

71 3321 133 3374 Anu.
151 3321 222 3390 phil.
245 3326 314 3375 1868
332 3339 360 3390 p.
376 3327 426 3376 817
520 3327 552 3375 17
571 3322 660 3377 πολλὰ
679 3321 707 3376 δ’
724 3323 794 3377 ἄλλα
813 3322 835 3376 0
857 3320 948 3376 ’πολλά
965 3320 991 3376 τ’
1008 3319 1079 3376 ἄλλοι
1241 3353 1243 3390 3

71 3389 172 3516 Reisflkleb
230 3398 266 3446 20
286 3387 417 3462 ἐπιγνούς
436 3393 472 3455 ὡς
490 3391 533 3447 ὅτι
552 3393 574 3447 Ο
593 3396 706 3462 praeter
724 3395 747 3446 B
811 3399 844 3448 22
864 3392 1079 3448 κινδυνεύουσιν
1241 3413 1243 3468 χ

71 3476 91 3514 ι.
124 3481 142 3532 y
173 3481 229 3532 urg
1112 3495 1116 3502 ·
1241 3477 1243 3498 ¹
