2538 3884
163 217 228 283 352
585 216 754 269 -Θ-

162 387 224 445 τοῦ
242 377 467 464 στρατοπέδω
486 378 599 463 φυγὴν
618 377 851 462 ἐπιβάλλοντες
866 374 998 455 ἑαυτοῖς
1011 374 1186 443 ἑκούσιον·

162 486 241 562 τούς
268 483 304 550 θ’
331 485 452 570 ὅρκους
478 483 764 568 ἀνακαλούμενος,
792 483 850 561 οὓς
873 484 1010 568 ὤμοσαν
1031 483 1072 548 τὰ
1093 483 1190 548 ὅπλα

162 589 239 676 περὶ
265 600 323 675 τῆς
351 589 547 676 γειναμένης
569 591 691 668 αύτούς
713 599 775 674 γης
795 589 1102 675 ἀναλαμβάνοντες,
1133 582 1190 668 οἷς

130 694 233 763 ‘luat’
261 695 364 781 αὐτῆς
390 695 517 781 ἐκείνης
543 695 735 782 ἐχρήσαντο.
786 697 955 783 τοιγάρτοι
981 699 1191 782 θαυμαστὸν

138 799 266 870 σούόὲν
296 805 419 888 ἔφησεν
449 801 571 879 αὐτούς
596 813 721 886 ποιεῖν,
752 803 783 867 εί
808 805 912 880 θεοὺς
938 799 1000 886 μὲν
1030 802 1190 890 ἐπιορκή-

165 925 292 993 σαντες,
314 909 478 994 ηγεμόνας
502 904 539 973 δέ
562 911 807 993 καταλιπόντες,
830 905 980 974 πόλινδ’
1000 912 1124 996 ἔρημον
1143 911 1189 974 τὸ

164 1013 243 1081 καθ’
263 1013 403 1092 ἑαυτούς
420 1009 506 1080 εἶναι
525 1013 625 1100 μέρος
642 1012 791 1100 ἀφέντες,
815 1012 869 1080 ἐπὶ
887 1011 925 1080 δὲ
943 1018 1087 1092 πίστεως
1104 1032 1190 1099 συγ-

165 1123 259 1206 χύσει
286 1118 342 1186 καί
368 1123 483 1205 νόμιον
510 1119 680 1207 ἀνατροπῇ
702 1119 758 1186 καὶ
779 1122 1020 1205 πολιτεύματος
1042 1125 1190 1204 πατρίου

165 1233 282 1315 φθορᾷ
300 1226 519 1311 ποιησάμενοι
536 1229 597 1310 τὴν
614 1227 777 1311 κάθοδον,
796 1227 840 1293 ού
856 1228 1089 1313 μετριάζωσιν
1101 1225 1190 1293 οὐδὲ

127 1355 152 1395 ιο
165 1336 329 1419 χρηστούς
358 1333 520 1398 δύνανται
548 1337 685 1411 πολίτας
713 1331 851 1412 ἑαυτούς
878 1347 1078 1420 παρασχεῖν,
1104 1331 1184 1399 ἀλλ’
1193 1311 1267 1406 ιεεσί

80 1449 84 1459 “
166 1441 235 1504 αίεί
259 1461 351 1517 τινος
373 1437 547 1524 ὀρέγονται
569 1439 760 1518 πλεονεξίας
782 1437 837 1504 καὶ
859 1443 1084 1526 παρανομίας,
1111 1435 1190 1505 τοτὲ
1266 1439 1267 1442 ’

167 1541 229 1630 μὲν
252 1544 354 1632 ἀρχάς
377 1545 498 1624 ἐξεῖναι
522 1549 639 1630 σφίσιν
657 1544 826 1624 ἀξιοῦντες
844 1545 966 1622 αὐτούς
985 1543 1039 1631 ἐφ’
1056 1543 1189 1612 ἑαυτῶν

167 1649 417 1736 ἀποδεικνύναι,
439 1650 495 1717 καί
516 1653 637 1728 ταύτας
659 1651 917 1729 ἀνυπευθύνους
936 1662 1113 1729 ποιοῦντες
1130 1651 1188 1718 καὶ

167 1769 338 1838 παναγεῖς·
366 1753 440 1823 ποτε
468 1754 499 1821 δ’
524 1759 573 1834 είς
594 1757 725 1840 ἀγῶνας
746 1755 830 1844 ὑπὲρ
853 1769 921 1824 τῶν
943 1756 1092 1843 ἐσχάτων
1115 1783 1188 1823 κεν-

128 1883 153 1924 ιι
168 1861 281 1927 δύνειν
308 1861 525 1940 καθιστάντες
551 1863 610 1940 οὓς
636 1864 750 1942 αὐτοῖς
771 1864 877 1942 δόξειε
893 1875 974 1942 τῶν
989 1868 1188 1951 πατρικίων,

167 1965 223 2032 καὶ
250 1967 290 2034 τὰ
312 1971 437 2053 νόμιμα
461 1969 670 2056 δικαστήρια,
699 1962 751 2048 οἷς
771 1969 847 2055 περὶ
868 1971 1020 2037 θανάτου
1043 1969 1100 2036 καὶ
1121 1995 1189 2055 φυ-

168 2083 228 2158 γῆς
249 2074 270 2158 ἡ
293 2078 389 2152 πόλις
410 2077 573 2162 πρότερον
597 2079 700 2143 ἔδωκε
722 2081 863 2164 κρίνειν,
885 2077 1127 2164 μεταφέροντες
1149 2075 1189 2141 έκ

168 2191 227 2266 τῆς
253 2181 491 2269 καθαρωτάτης
517 2188 625 2268 φυλῆς
647 2182 702 2248 έπὶ
724 2185 784 2250 τὸν
808 2184 1047 2269 ῥιπαρύτατον
1068 2186 1188 2270 όηλον·

168 2282 243 2353 τοτὲ
266 2284 304 2353 δὲ
325 2292 450 2373 νόμους
468 2287 677 2376 εἰσφέροντες
695 2290 730 2356 οί
745 2297 846 2374 θῆτες
863 2288 918 2355 καὶ
936 2289 1082 2355 ἀνέστιοι
1101 2290 1258 2357 κατάιεεε

129 2405 236 2458 ιοτῶν
265 2393 474 2479 εὐπατριδῶν
491 2399 722 2478 τυραννικούς
751 2395 808 2462 καὶ
836 2395 989 2479 ἀνίσους,
1018 2393 1074 2462 καὶ
1105 2391 1191 2461 οὐδὲ

170 2509 230 2566 τού
248 2503 494 2586 προβουλεῦσαι
512 2499 588 2586 περὶ
606 2502 717 2568 αὐτῶν
735 2501 891 2581 ἐξουσίαν
904 2512 943 2588 τη
962 2506 1068 2588 βουλῇ
1086 2524 1191 2567 κατα-
1224 2503 1237 2516 ”
1267 2529 1268 2560 ι

170 2610 354 2690 λείποντες,
383 2603 456 2672 ἀλλ’
484 2604 726 2692 ἀφαιρούμενοι
755 2606 811 2673 καὶ
839 2610 964 2694 ταύτην
994 2609 1098 2693 αὐτῆς
1126 2609 1191 2691 τὴν
1267 2625 1268 2656 ³

242 2768 258 2815 2
282 2759 354 2816 ὅπλα
376 2761 442 2886 πεδί
464 2769 513 2831 τῆς
531 2731 680 2834 γινομένης
697 2764 722 2816 Α
748 2763 821 2820 ὅπλα
839 2763 1095 2835 περιγινομένηςΒ
1170 2771 1188 2818 3

170 2829 242 2900 ὑπὲρ
260 2847 284 2884 ο.
303 2832 394 2886 Cobet
436 2832 477 2887 bs.
495 2850 523 2903 p.
539 2840 589 2889 182
611 2838 615 2898 Ι
636 2837 732 2899 αὐτοῖς
748 2835 802 2889 AB
875 2832 1144 2905 σέγκαταλιπόντες
1162 2853 1189 2892 ο.

172 2901 261 2956 Cobet
278 2900 331 2957 1.1.
352 2907 356 2970 Ι
378 2899 481 2973 ἔρημον
500 2901 574 2960 εἶναι
592 2905 624 2960 τὸ
643 2905 713 2960 καθ’
731 2900 848 2970 ἑαυτούς
865 2904 949 2978 μέρος
967 2906 990 2962 Ο
1009 2906 1190 2976 transposuit

172 2971 261 3027 Cobet
278 2969 298 3026 l.
311 2972 330 3028 l.
396 2980 428 3027 12
448 2971 522 3029 εἷναι
541 2975 563 3027 Β
584 2978 589 3046 1
610 2977 722 3048 αὐτούς]
742 2977 830 3042 αύτύις
846 2977 869 3031 Β
889 2973 942 3047 ἀφ’
959 2972 1068 3033 ἕαυτῶν
1085 2994 1109 3033 ο.
1126 2978 1188 3046 Syl-

170 3043 245 3113 burg
336 3047 368 3096 13
387 3045 474 3098 verba
491 3045 559 3099 inde
577 3047 613 3100 ab
633 3048 720 3111 αὐτὰς
737 3065 826 3118 usque
844 3048 882 3103 ad
899 3057 1048 3112 ποιοῦντες
1066 3065 1122 3103 om.
1140 3049 1189 3103 Ba

172 3115 237 3171 add.
256 3113 358 3183 Bbmg
438 3121 472 3169 14
494 3115 714 3191 <παναγείς>Β
740 3123 745 3188 Ι
769 3128 825 3175 τῶν
844 3119 940 3176 om.B
963 3122 967 3190 Ι
993 3119 1188 3190 αίσγίστιονΟ

172 3183 296 3258 έσγάταιν
315 3184 448 3241 Gelenius
466 3185 502 3240 cf.
526 3185 698 3258 Grasberger
715 3189 793 3247 Τοιε.
808 3190 894 3247 Herb.
912 3207 939 3260 p.
957 3199 990 3246 14
1015 3194 1020 3259 Ι
1045 3191 1189 3246 κινδύνων

172 3258 275 3315 αόᾱ.Β
331 3263 364 3312 16
382 3256 431 3312 καί
449 3255 496 3331 τὰ]
515 3256 629 3313 κατίιΒ
686 3267 718 3317 17
738 3259 826 3317 ἔδωκε
839 3263 946 3332 κρίνειν
961 3260 1071 3332 AOmg
1089 3258 1190 3333 ἐχρῆτο

172 3329 250 3386 Bcf.
269 3329 307 3384 IX
325 3333 405 3397 46,λ
478 3335 511 3384 19
530 3327 576 3384 ὅτε
594 3329 620 3382 Α
637 3329 725 3386 ὁτέΒ
747 3335 751 3404 Ι
773 3333 888 3396 ἀνίσους
905 3331 959 3387 AB
1032 3338 1068 3388 20
1087 3353 1191 3405 τνραν-

173 3401 269 3462 νικούς
287 3400 336 3454 καί
354 3401 470 3464 ἀνίσους
487 3400 537 3455 καί
555 3399 621 3456 οὐδὲ
640 3411 690 3456 τοῦ
709 3419 763 3460 om.
782 3403 829 3458 Ba
882 3411 916 3459 21
936 3402 1189 3478 (προβουλεῦσαι)

173 3470 196 3521 Β
221 3472 225 3539 λ
250 3471 450 3534 καταλιπόντες
469 3471 492 3527 O
511 3489 581 3526 corr.
599 3471 704 3528 Reiske
