2496 3878
493 179 654 228 -Ζ-
1039 177 1079 242 19

83 335 299 422 Ἀριστόδημον
329 335 387 403 καὶ
418 340 496 415 τοὺς
521 340 642 415 παῖδας
671 338 775 405 αὐτοῦ
802 336 858 404 καί
884 340 946 423 τὴν
974 341 1079 425 ἄλλην

40 442 259 527 ιιεεσνγγένειαν
278 447 502 528 συλλαβόντες
516 445 592 531 άγρι
605 449 730 528 πολλῆς
742 447 863 522 νυκτὸς
877 446 1082 529 αἰκιζόμενοί

82 573 108 614 τε
126 547 174 614 καί
195 553 435 636 στρεβλοῦντες
457 548 513 615 καὶ
530 559 633 616 πᾶσιν
651 551 697 627 όες
714 551 820 616 εἰπεῖν
839 555 1077 636 λυμαινόμενοι

81 667 173 732 κακοίς
185 655 392 724 ἀπέκτειναν.
422 655 596 733 ἀνελόντες
614 653 652 721 δέ
669 657 730 740 τὴν
744 658 947 744 τυραννικὴν
965 659 1108 744 οίκίαν4

80 765 253 848 πρόρριζον,
283 763 329 841 ὡς
356 766 437 848 μήτε
463 765 580 829 παιδία
607 765 686 847 μήτε
710 774 868 846 γυναῖκας
890 765 972 848 μήτε
995 781 1075 850 σνγ-
1101 787 1113 828 τ

80 867 189 951 γένειαν
211 873 363 954 μηθενὸς
382 869 491 936 αὐτῶν
510 874 702 943 καταλιπεῖν
721 867 777 937 καὶ
796 865 840 934 δι’
861 869 939 953 ὅλης
956 871 1076 948 νυκτὸς

80 975 202 1051 ἅπαντας
229 975 527 1063 ἐξερευνησάμενοι
555 978 634 1053 τοὺς
660 977 844 1062 συνεργοὺς
871 984 929 1060 τῆς
955 998 1076 1061 τνραν-

80 1081 154 1158 νίδος
185 1080 312 1169 ἡμέρας
348 1079 528 1167 γενομένης
558 1085 733 1168 προῆλθον
765 1084 813 1159 είς
844 1083 906 1167 τὴν
938 1080 1074 1168 ἀγοράν.

79 1189 167 1252 όιιειτα
189 1186 452 1272 συγκαλέσαντες
479 1190 538 1254 τὸν
561 1189 669 1273 δῆμον
692 1189 740 1264 είς
762 1186 938 1273 ἐκκλησίαν
962 1187 1074 1254 άτιοτί-

25 1321 27 1328 ’
78 1299 173 1359 θενιαι
191 1295 230 1360 τὰ
249 1295 337 1360 ὅπλα
355 1292 411 1360 καί
428 1296 490 1379 τὴν
507 1294 647 1381 πάτριον
662 1297 879 1360 καθίστανται
893 1299 1072 1362 πολιτείαν.
1088 1318 1113 1357 ιο

128 1398 194 1466 XII.
223 1396 299 1464 Ἐπί
326 1409 446 1466 τοῦτον
474 1401 516 1483 δη
543 1402 603 1466 τὸν
623 1397 861 1485 Ἀριστόδημον
893 1403 964 1478 ἔτος
987 1401 1073 1485 ὁμοῦ

25 1541 26 1554 ι
47 1561 49 1568 ,
78 1529 101 1567 τι
119 1504 467 1592 τεσσαρεσκαιδέκατον
488 1508 553 1592 ἤδη
572 1515 802 1592 τυραννοῦντα
821 1507 938 1590 Κύμης
956 1507 992 1572 οἱ
1008 1509 1071 1572 σὺν

25 1627 26 1670 ι
81 1614 232 1702 Ταρκυνίῳ
247 1614 396 1698 φυγάδες
409 1612 648 1697 καθιστάμενοι
662 1613 723 1695 την
737 1613 819 1678 κατὰ
838 1620 897 1695 τῆς
914 1613 1073 1698 πατρίδος

25 1709 26 1726 ’
78 1716 234 1800 ἐβούλοντο
265 1717 527 1785 συντελέσασθαι
555 1720 660 1803 δίκην.
699 1719 734 1784 οί
759 1714 796 1782 δὲ
823 1718 977 1804 πρέσβεις
1003 1729 1071 1785 τῶν

74 1819 217 1909 Ῥωμαίων
252 1824 333 1902 τέως
364 1822 426 1910 μέν
459 1823 652 1909 ἀντέλεγον,
685 1824 730 1902 ὡς
761 1820 831 1890 οὔτ’
864 1822 918 1890 ἐπὶ
950 1835 1071 1892 τοῦτον
1086 1845 1112 1886 ιε

26 2009 27 2022 ρ
77 1930 189 2011 ἥκοντες
210 1935 272 1998 τὸν
294 1931 407 2015 ἀγῶνα
426 1929 496 1998 οὔτ’
519 1929 672 2010 ἐξουσίαν
693 1931 834 2016 ἔχοντες,
856 1930 900 2014 ἣν
918 1930 980 1998 ούκ
999 1930 1071 1997 ἐπέ·
1099 2015 1106 2026 .

26 2023 27 2078 λ
76 2047 173 2120 τριψεν
192 2039 308 2115 αὐτοῖς
325 2039 345 2122 ἡ
365 2040 470 2123 βουλὴ
489 2036 635 2124 περὶτῆς
651 2039 778 2114 πόλεως
796 2036 1071 2122 ἀπολογήσασθαι

26 2137 27 2154 ²
78 2142 189 2228 [δίκηνλ
226 2145 272 2220 ὡς
294 2140 324 2207 δ’
348 2139 453 2209 οὐθέν
477 2142 663 2230 ἐπέραινον,
686 2140 758 2207 ἀλλ’
783 2143 990 2226 ἐγκεκλικότα
1009 2140 1105 2210 τὸν2

76 2249 219 2334 τύραννον
249 2247 363 2336 ἑώρων
393 2248 446 2316 ἐπὶ
471 2251 597 2336 θάτερα
629 2248 712 2336 μέρη
746 2251 801 2315 διδ
832 2251 890 2327 τὰς
922 2251 1070 2327 σπουδὰς

76 2352 116 2417 καὶ
131 2356 184 2434 τάς
195 2359 417 2444 παρακλήσεις
435 2368 502 2423 τῶν
519 2357 693 2442 φυγάδων,
712 2356 926 2440 αίτησάμενοι
941 2358 1073 2441 ’χρόνον
1083 2376 1110 2416 το

37 2462 112 2537 σιούς
126 2461 316 2549 ἀπολογίαν,
333 2461 388 2529 καί
408 2465 663 2549 διεγγυήσαντες
681 2463 720 2527 τὰ
739 2465 872 2545 σώματα
891 2463 1068 2547 χρημάτων

76 2563 102 2628 ἐν
119 2578 159 2654 τῷ
181 2571 237 2635 διδι
261 2568 364 2654 με’σου
390 2577 449 2652 τῆς
477 2571 571 2653 δίκης
598 2569 741 2645 οὐθενὸς
769 2571 816 2633 ἔτι
844 2568 1068 2652 φυλάττοντος
1171 2577 1176 2584 ’

76 2672 175 2751 αὐτοὺς
197 2675 400 2762 ἀποδράντες
424 2674 559 2763 ᾤχοντο.
595 2675 804 2762 θεράποντας
828 2670 857 2738 δ’
881 2674 992 2740 αὐτῶν
1012 2673 1068 2740 καὶ
1131 2739 1133 2744 .

75 2778 104 2840 τί
126 2781 281 2866 ὑποζύγια
307 2780 362 2847 καὶ
390 2783 430 2848 τδι
460 2780 514 2847 ἐπὶ
540 2789 580 2867 τῇ
604 2783 741 2869 σιτωνίᾳ
762 2778 966 2865 κομισθέντα
987 2783 1066 2865 χρη-

76 2906 142 2963 ματα
163 2888 180 2953 ὁ
203 2889 367 2974 τύραννος
389 2886 532 2973 κατέσχε,
569 2887 703 2964 ταύταις
726 2882 786 2972 μὲν
810 2881 872 2953 οὖν
895 2899 966 2964 ταῖς
988 2867 1105 2981 πρε-,35

77 2992 180 3072 σβείαις
200 3003 336 3060 τοιαῦτα
353 2995 541 3070 παθούσαις
564 2992 743 3080 ἀπράκτοις
761 2990 964 3079 ἀναστρέψαι
987 3009 1066 3059 συν-

131 3225 161 3272 17
178 3219 451 3295 ύπολογ<η>σατθαι
469 3222 516 3275 Bb
535 3221 740 3289 ἀπολογεῖσθαι
757 3221 784 3274 R
857 3225 890 3274 18
908 3220 991 3286 δίκην
1009 3218 1064 3282 del.

75 3282 158 3374 Βμὶελιε
247 3299 279 3346 19
302 3292 411 3362 θάτερα
434 3290 468 3362 μό
486 3293 545 3361 ηΒ
573 3291 683 3360 θάτερα
705 3291 741 3345 τὰ
759 3289 828 3415 μέρη
848 3291 873 3343 R
962 3294 997 3343 20
1015 3289 1065 3379 καὶ

75 3362 304 3494 ἱῗρνπςταρακλήσεις
321 3364 345 3417 Β
363 3363 413 3418 καί
429 3381 459 3419 τι.
588 3369 623 3446 24
641 3364 769 3417 σιτανίου
818 3379 835 3416 a
920 3365 954 3424 26
973 3361 1065 3429 άττρα-

865 3517 899 3569 2*
