2508 3882
161 209 227 273 214
584 213 752 260 -H-

160 377 268 458 φόνον
287 371 436 437 έπόθουν
455 375 571 456 λαβεῖν
589 371 634 448 ὡς
649 370 778 456 ἀνόμου
793 374 894 457 ἔργον
907 369 963 437 καὶ
977 371 1171 456 ἀσυμφόρου

161 491 232 557 ταῖς
258 482 395 544 πόλεσιν
422 476 599 564 ἄρξαντας,
630 479 711 544 ἀνευ
740 480 834 562 δίκης
866 477 902 544 ἐν
930 488 1051 564 χειρῶν
1082 480 1172 566 νόμφ

127 585 237 651 2τινά
255 585 446 652 ἀποκτεῖναι
464 583 519 650 καὶ
537 580 634 650 ταῦθ’
653 585 808 669 ἡγεμόνα.
845 584 987 668 μάλιστα
1006 582 1037 649 θ’
1053 585 1174 668 ἠγανά-

161 717 264 759 κτουν
297 693 332 758 oc
360 703 432 770 ταῖς
463 694 647 777 στρατείαις
677 691 781 757 αὐτοῦ
810 693 1089 776 παραγενόμενοι,
1119 689 1174 754 καὶ

30 793 33 800 '
135 797 276 885 ιέπειόῆ
305 803 400 878 ζῶντι
428 799 517 886 αὐτῷ
547 798 607 884 οὐχ
638 795 746 863 ἱκανοὶ
777 795 930 882 ἐγένοντο
953 794 1097 863 κωλυταὶ
1120 807 1174 880 τῆς

164 916 350 994 συμφορᾶς,
372 907 430 983 τάς
447 906 527 990 μετὰ
546 906 605 970 τὸν
622 905 773 970 θάνατον
792 903 1010 989 ὀφειλομένας
1028 906 1174 987 ἔγνωσαν

162 1012 361 1078 ἀποδιδόναι
379 1012 526 1097 χάριτας,
539 1008 770 1132 χυμφέροντες
788 1012 834 1088 εἰς
852 1012 913 1095 τὴν
930 1009 1068 1094 ἀγοράν,
1087 1009 1234 1078 όσωνιεεε

163 1120 231 1182 ἔδει
258 1129 327 1194 τοϊς
356 1117 498 1199 ἀγαθοῖς
521 1117 684 1204 ἀνδράσιν
708 1120 755 1194 είς
777 1119 838 1202 τὴν
860 1117 1046 1201 ἀναγκαίαν
1069 1118 1174 1201 τιμῆν.

129 1221 276 1308 3ἔπειόῆ
301 1220 338 1288 δὲ
359 1221 457 1289 πάντ’
485 1223 689 1310 εὐτρέπιστο,
712 1221 829 1300 θέντες
853 1223 906 1288 ἐπὶ
930 1217 1103 1308 στρωμνῆς
1126 1222 1141 1287 ἐ
1161 1263 1175 1271 -

124 1350 150 1389 10
163 1331 372 1419 πρεπεστάτςο
413 1329 599 1416 ἠσκημένης
638 1335 750 1420 κόσμφ
792 1333 854 1415 τὴν
896 1330 1175 1416 αὐτοκρατορικὴν

164 1440 280 1524 ἔχοντα
303 1435 451 1526 Ιέσθῆτα,
483 1435 538 1503 καὶ
564 1440 630 1520 πρὸ
657 1447 714 1521 τῆς
741 1441 856 1522 κλίνης
882 1437 986 1503 αὐτοῦ
1014 1435 1176 1524 φέρεσθαι

162 1547 376 1622 κελεύσαντες
403 1544 537 1631 λάφυρά
563 1567 598 1608 τε
625 1542 680 1609 καὶ
712 1549 817 1610 σκῦλα
839 1541 893 1609 καὶ
917 1543 1104 1628 στεφάνους
1126 1541 1177 1608 καὶ

164 1653 293 1734 μνήμας
316 1646 364 1716 ὧν
390 1643 457 1716 εἷλε
485 1654 632 1734 πόλεων,
661 1653 784 1736 ῆραυτο
812 1652 874 1735 τὴν
901 1653 1019 1734 κλίνην
1044 1649 1080 1715 οί
1101 1654 1178 1733 λαμ·
1245 1667 1246 1727 ,

163 1759 321 1839 πρότατοι
343 1767 410 1821 τῶν
429 1754 517 1821 νέων
536 1755 572 1822 ἔν
591 1768 660 1833 τοῖς
682 1758 764 1823 κατά
788 1754 954 1841 πολέμους
976 1759 1103 1842 ἔργοις·
1125 1753 1178 1820 καὶ

126 1878 151 1919 15
164 1863 359 1946 κομίσαντες
381 1863 428 1938 είς
445 1864 483 1928 τὸ
506 1864 716 1949 προάστειον,
739 1863 757 1929 ὃ
781 1864 922 1948 μάλιστα
945 1858 988 1947 ἦν
1011 1859 1178 1947 ἐπιφανές,

165 1970 288 2034 ἔθεσαν
316 1967 369 2034 ἐπί
397 1971 457 2054 τὴν
479 1968 791 2056 παρεσκευασμένην
813 1971 940 2055 πυράν,
967 1963 1179 2055 συμπροπεμ-

165 2077 292 2160 πούσης
314 2078 351 2142 τὸ
377 2086 470 2160 σῶμα
492 2084 550 2160 τῆς
571 2080 697 2154 πόλεως
718 2077 796 2160 ὅλης
815 2074 883 2161 μετ’
906 2079 1052 2160 οίμωγῆς
1071 2099 1106 2141 τε
1127 2073 1179 2140 καὶ

129 2183 331 2267 4όακρόων.
382 2185 492 2248 ἔπειτα
520 2180 786 2268 κατασφάξαντές
814 2180 842 2247 τ’
875 2182 963 2264 αὐτῷ
992 2183 1102 2247 πολλά
1129 2186 1180 2266 βο·
1244 2251 1245 2258 ¹

169 2292 316 2375 σκῆματα
343 2287 398 2356 καὶ
427 2301 494 2356 τῶν
523 2292 633 2356 ἀλλων
661 2288 883 2375 ἀπαρξάμενοι
912 2293 1061 2372 πάντων,
1094 2289 1180 2353 ὅσων
1244 2287 1245 2335 ³

128 2414 154 2454 νο
167 2398 344 2483 ἀνθρωττοι
365 2401 559 2483 βασιλεῦσιν
582 2397 602 2482 ῆ
627 2406 778 2482 στρατιάς
801 2395 962 2481 ἡγεμόσιν
985 2394 1039 2460 ἐπὶ
1061 2406 1181 2482 πυραῖς

167 2503 382 2589 ἀπάρχονται,
404 2502 609 2589 παρέμειναν
628 2504 664 2569 οί
678 2503 820 2587 μάλιστα
838 2505 897 2569 τὸν
916 2503 1022 2588 ἀνδρα
1041 2500 1151 2580 ἀσπαζ
1169 2541 1182 2549 -

168 2631 263 2690 μενοι
286 2608 382 2694 μέχρι
405 2619 465 2675 τοῦ
488 2617 701 2696 μαρανθῆναι
722 2611 782 2694 τῆν
800 2611 921 2694 φλόγα,
942 2609 1081 2674 κάπειτα
1106 2625 1183 2674 συν-

168 2715 348 2794 αγαγόντες
380 2714 420 2778 τά
452 2718 594 2794 λείψανα
626 2718 758 2794 ἔθαψαν
793 2713 829 2780 ἐν
865 2723 911 2801 τῷ
946 2713 1036 2801 αὐτῷ
1072 2719 1182 2804 χωρίῳ

169 2818 294 2901 χώματι
317 2819 434 2906 ὑψηλῷ
458 2820 514 2884 θιά
537 2823 748 2906 πολυχειρίας
766 2819 963 2906 ἐργασθέντι
982 2830 1097 2905 μνῆμα
1117 2821 1184 2886 ἐπί·
1243 2841 1244 2898 3

131 2940 156 2980 ²5
170 2940 278 3008 σημον
302 2921 529 3009 ἐργασάμενοι.

236 3029 305 3096 LX.
327 3029 481 3116 Μάρκιος
499 3028 561 3115 μέν
580 3033 621 3116 θη
640 3034 793 3116 τοιαύτης
810 3043 1039 3119 καταστροφῆς
1058 3035 1238 3121 ἔτυχευμελλ

170 3139 254 3225 ἀνὴρ
286 3135 342 3202 καὶ
373 3138 413 3202 τά
440 3137 581 3225 πολέμια
609 3141 742 3225 ἀριστος
769 3152 836 3206 τῶν
863 3137 940 3206 καθ’
968 3140 1103 3223 ἡλικίαν
1132 3138 1185 3206 καὶ

243 3338 257 3385 1
278 3332 394 3387 ἀνοσίου
413 3349 435 3390 ο,
455 3331 598 3401 Kiessling
697 3335 712 3383 9
733 3327 956 3402 ἐκπρεπεστάτης
974 3332 1054 3388 ABG
1154 3339 1185 3388 18

171 3403 384 3524 ngsswhaddss
474 3408 509 3457 24
527 3403 577 3458 θιά
594 3404 776 3472 πολυχειρίαν
796 3401 818 3457 Ο
838 3405 951 3472 praeter
968 3403 994 3457 A
1085 3410 1120 3460 27
1139 3403 1186 3459 καλ
1242 3405 1243 3480 ζ

171 3489 188 3525 ³
230 3514 235 3526 ·
