2538 3884
86 197 153 262 392
510 196 679 249 -Θ-

87 359 215 426 ὁπλίσει
229 358 312 443 πρὸς
330 359 455 444 ἄνδρας
473 358 535 423 ὅλα
552 357 746 442 τὰσώματα
764 356 899 442 ἔχοντας
918 353 956 420 έν
969 359 1104 440 φυλακῇ

88 464 246 549 ἐποίησάν
264 488 298 531 τε
316 467 461 541 πολλοὺς
479 475 545 530 τῶν
560 461 730 549 Ῥωμαίων
750 465 891 550 νεκροὺς
908 458 964 527 καὶ
979 471 1105 547 μικροῦ

88 570 228 655 ἐδέησαν
256 570 293 637 ἐν
321 571 478 659 ἀλλοτρίᾳ
506 580 546 656 γῇ
574 569 840 656 καταληφθέντες
867 572 1009 654 τρόπαια
1035 579 1103 632 τῶν

51 678 260 744 4έλθόντων
284 675 337 743 ἐπὶ
358 687 445 762 σφᾶς
463 677 585 754 αὐτοὺς
602 676 795 760 ἀναστῆσαι.
831 673 903 741 ἀλλ’
926 676 944 741 ὅ
967 673 998 758 χ’
1019 674 1104 739 άπα-

60 807 144 862 ετος
166 783 222 850 καλ
244 785 280 850 ολ
300 787 364 850 σὺν
387 783 476 872 αὐτῷ
495 781 664 867 Ῥωμαίων
689 783 796 859 ἱππεῖς
819 781 997 865 ἐπίλεκτοι,
1022 779 1176 865 &xa-1929

89 892 241 968 λινώτοις
260 889 476 967 ἐπελάσαντες
494 899 565 966 τοῖς
583 890 695 965 ἵπποις
708 889 791 954 κατά
804 891 841 954 τὸ
856 888 1103 974 καρτερώτατόν
1134 875 1139 882 ’

88 1020 122 1062 τε
146 995 202 1062 καλ
225 998 342 1082 άριστα
365 997 555 1080 μαχόμενον
577 994 688 1059 αὐτῶν
711 991 824 1080 μέρος,
854 994 1018 1058 διασπῶσι
1040 993 1104 1076 τὴν

88 1103 181 1181 τάξιν
213 1100 268 1168 καὶ
299 1102 544 1185 καταβάλλουσι
577 1101 729 1186 συχνούς.
776 1098 1032 1186 διαφθαρέντων
1065 1094 1104 1163 δὲ

89 1219 155 1274 τῶν
183 1208 363 1294 προμάχων
389 1203 445 1272 καλ
466 1207 487 1291 ἡ
512 1207 611 1290 λοιπὴ
635 1208 776 1292 δύναμις
800 1204 1024 1291 ἀποτραπεῖσα
1047 1203 1102 1269 έν-

49 1337 76 1378 10
90 1313 219 1381 έκλινεν
246 1316 294 1391 είς
320 1315 432 1399 φυγήν
439 1363 449 1398 ,
477 1313 513 1380 οἵ
536 1337 571 1378 τε
594 1313 816 1398 φυλάττοντες
837 1312 895 1388 τὰς
918 1309 1103 1387 ἀποσκευὰς

89 1420 267 1507 μεθέμενοι
303 1421 414 1486 αὐτῶν
450 1417 602 1496 ἀπιόντες
635 1417 762 1507 ᾤχοντο
794 1417 858 1483 άνδι
888 1417 929 1482 τά
960 1419 1104 1500 πλησίον

89 1529 160 1615 ὄρη.
197 1525 267 1594 κατ’
290 1527 393 1594 αὐτὸν
415 1522 477 1610 μὲν
501 1520 645 1591 οὖντὸν
669 1523 781 1609 ἀγῶνα
805 1525 912 1608 ὀλίγοι
933 1519 1022 1600 τινὲς
1044 1522 1105 1588 αὐ-

89 1647 157 1702 τῶν
185 1635 433 1720 διεφθάρησαν,
462 1631 498 1698 έν
527 1627 563 1696 δέ
591 1640 629 1716 τῇ
653 1640 744 1716 φυγῇ
767 1631 856 1696 πάνυ
879 1632 1013 1714 πολλοί,
1040 1630 1112 1716 χώ-,

90 1765 152 1825 ρας
183 1737 211 1806 τ’
246 1739 377 1825 ’άπειροι
409 1741 501 1816 ὄντες
532 1736 587 1803 καλ
619 1737 684 1804 ὑπὸ
716 1747 774 1822 τῆς
800 1734 969 1822 Ῥωμαίων
1000 1737 1106 1803 ἵππον

51 1868 78 1909 ιι
93 1848 298 1929 διωκόμενοι.

157 1948 272 2016 LXVI.
297 1947 354 2014 Ἐν
378 1941 404 2038 ᾧ
428 1945 467 2014 δὲ
488 1948 579 2015 ταῦτ’
603 1950 729 2034 ἐγίνετο
752 1953 875 2039 χρόνῳ,
897 1946 1107 2033 πεπυσμένος

91 2060 207 2142 άτερος
224 2067 291 2122 τῶν
310 2055 445 2121 ὑπάτων
459 2057 622 2142 Σερούιος
642 2054 695 2121 έπλ
714 2059 878 2142 βοήθειαν
897 2055 986 2142 αὐτῷ
1001 2070 1105 2141 προσ-

92 2168 185 2231 ιόντα
214 2166 273 2230 τὸν
302 2164 492 2229 συνύπατον
521 2164 648 2247 δείσας,
679 2162 723 2247 μὴ
751 2163 986 2246 ὑπαντήσωσιν
1014 2161 1105 2250 αὐτῷ

89 2273 127 2338 ολ
160 2269 312 2355 πολέμιοι
345 2266 401 2335 καὶ
433 2270 641 2334 διακλείσωσι
673 2277 730 2355 τῆς
760 2272 844 2356 πρὸς
875 2269 978 2334 αὐτὸν
1010 2268 1106 2351 ὁδοῦ,

52 2400 78 2439 ιο
90 2386 255 2464 περισπᾶν
283 2376 404 2453 αὐτοὺς
431 2377 590 2441 διενοεῖτο
618 2377 807 2460 προσβολάς
833 2376 1034 2459 ποιούμενος
1060 2381 1182 2461 τῷιθσο

56 2490 77 2554 2
92 2483 220 2570 χάρακι.
248 2482 331 2548 ἀλλὰ
349 2483 412 2568 χδρ
431 2482 622 2567 φθάσαντες
640 2482 743 2548 αὐτὸν
759 2482 795 2548 οί
810 2478 973 2566 πολέμωι,
991 2479 1105 2563 ἐπειδὴ

93 2593 243 2672 έγνωσαν
267 2590 328 2673 τὴν
351 2590 527 2676 συμφοράν
550 2601 617 2655 τῶν
637 2586 817 2674 σφετέρων,
840 2588 883 2672 ἣν
901 2587 1107 2670 ἀπήγγειλαν

93 2695 129 2759 ολ
148 2693 389 2780 περισωθέντες
413 2695 448 2762 ἐκ
470 2705 528 2779 τῆς
550 2703 736 2782 προνομῆς,
759 2696 917 2771 λύσαντες
940 2693 1001 2776 τὴν
1022 2714 1107 2778 παρ-

93 2802 239 2885 εμβολὴν
267 2799 304 2866 έν
330 2810 369 2886 τῇ
396 2803 508 2887 πρώτη
535 2799 631 2867 νυκτὶ
656 2801 737 2885 μετὰ
760 2802 821 2885 τὴν
844 2800 951 2885 μάχην
975 2800 1022 2875 εἰς
1044 2798 1107 2880 την

53 2929 80 2972 νε
94 2909 193 2972 πόλιν
213 2904 353 2989 ἀπῆραν,
377 2906 437 2991 οὐχ
457 2907 584 2972 ἅπαντα
603 2908 816 2992 πεπραχότες,
835 2905 897 2970 ὅσα
916 2903 1108 2988 ἐβούλοντο.

165 3169 242 3240 2τε]
264 3166 295 3222 δὲ
311 3183 333 3222 ο.
349 3166 470 3236 Sylburg
542 3164 833 3236 3άποληφθέντεςΒ
906 3164 988 3221 αὐτοὶ
1006 3180 1028 3219 ο.
1045 3163 1110 3233 Syl-

92 3241 167 3308 burg
269 3237 480 3300 σπελάταντες
503 3238 524 3292 0
550 3255 618 3292 corr.
638 3239 757 3292 Hudson
860 3235 981 3308 Ἱμέρος
999 3234 1108 3289 add.B

95 3318 128 3366 12
147 3310 220 3366 κατδι
238 3309 289 3381 μὲν
308 3311 331 3364 Β
350 3307 413 3365 κατ’
435 3309 521 3364 αὐτὸν
539 3308 591 3379 μὲν
609 3309 635 3360 R
655 3312 659 3376 Ι
682 3310 774 3363 αὐτῶν
794 3324 848 3363 om.
867 3307 914 3361 Ba
985 3313 1019 3362 22
1040 3323 1111 3374 σφε-

93 3381 193 3454 τέρων]
213 3376 314 3452 ἑτέρων
332 3381 357 3433 Α
434 3387 468 3436 24
491 3379 560 3450 μετδι
578 3379 629 3448 τὴν
648 3379 740 3450 μάχην
759 3377 865 3434 εδδΒ
942 3384 976 3432 25
999 3396 1109 3448 πεπρα-

95 3452 173 3520 χότες
192 3449 238 3504 ολα
258 3451 312 3520 (vel
332 3452 377 3520 ὡς)
398 3469 420 3506 ο.
436 3450 524 3505 Cobet
543 3449 607 3505 obs.
627 3469 654 3520 p.
670 3456 721 3506 185
