2484 3876
506 211 673 261 -Η-
1034 207 1097 273 163

94 373 221 454 γνύμῃν
243 369 479 455 ἐκβησόμενον·
501 370 643 455 μάλιστα
666 367 697 434 δ’
715 371 751 436 οῖ
766 381 833 436 τῶν
850 368 1005 455 πολέμων
1022 369 1098 456 ἡγε-

92 479 195 560 μόνες,
224 476 292 566 ὄσφ
321 479 480 561 μειζόνων
508 499 543 542 τε
570 478 722 560 γίνονται
747 475 949 561 πραγμάτων
975 477 1099 562 κύριοι,

91 579 139 647 καὶ
150 582 205 658 τάς
218 583 328 658 αἰτίας
340 592 408 647 τῶν
420 582 688 667 κατορθωμάτων
702 581 723 666 ἢ
738 582 943 668 σφαλμάτων
956 583 1098 661 ἅπαντες

91 685 136 754 ἐπὶ
151 689 292 764 τούτους
312 685 550 772 ἀναφέρουσιν.
586 685 685 754 ἔπειτ’
706 685 749 753 ἂν
771 684 834 772 μὲν
855 687 978 772 εύρωσι
998 689 1097 772 μηδε-

89 797 159 877 μίαν
175 792 356 878 ἐνοῦσανῆ
371 794 489 879 μικρὰς
506 791 562 858 καὶ
580 794 695 878 ὀλίγας
712 792 750 860 ἐν
765 802 811 882 τῷ
826 793 871 877 μὴ
885 800 1097 880 κατορθῶσαι
1123 815 1139 857 ο

89 900 218 984 βλάβας,
249 901 411 966 ἅπτονται
433 910 502 965 τῶν
524 901 647 985 ἔργων,
674 898 735 965 ἐὰν
757 896 794 965 δὲ
817 900 942 976 πολλάς
964 898 1019 965 καῖ
1041 925 1097 986 με-

88 1007 189 1089 γάλας,
207 1005 419 1090 ἀφίστανται.-
444 1014 543 1072 τοῦτο
562 1007 605 1090 δὴ
622 1004 678 1072 καῖ
697 1009 739 1072 σὺ
755 1009 898 1091 ποίησον
911 1003 967 1072 καὶ
980 1009 1096 1072 σκόπει
1111 1011 1133 1076 3

87 1113 142 1194 πρὸ
169 1123 238 1178 τῶν
270 1115 395 1198 ἔργων,
423 1111 484 1178 ἐὰν
513 1117 641 1199 σφαλῃς
668 1113 750 1178 κατὰ
779 1115 840 1179 τὸν
868 1115 1015 1198 πόλεμον
1041 1111 1097 1180 καὶ

87 1218 124 1299 μὴ
144 1217 253 1282 πάντα
277 1217 417 1304 ὑπάρξῃ,
440 1222 474 1286 τί
493 1221 700 1304 συμβήσεταί
719 1235 773 1284 σοι
795 1224 929 1285 παθεῖν.
974 1217 1018 1284 δι’
1046 1221 1096 1286 αό-

87 1325 147 1400 τίας
172 1319 235 1408 μὲν
259 1326 320 1408 ἔσῃ
341 1324 430 1409 παρὰ
452 1335 522 1402 τοῖς
543 1321 816 1409 ὑποδεξαμένοις,
845 1321 957 1411 μέμψῃ
981 1321 1018 1390 δὲ
1040 1323 1096 1391 καὶ
1110 1347 1137 1388 ιο

87 1429 175 1507 αὑτὸς
202 1432 363 1514 σεαυτόν,
390 1430 434 1507 ὡς
460 1433 607 1516 μείζοσιν
629 1429 839 1516 ἐπιχειρήσας
861 1430 1052 1516 πράγμασιν
1075 1431 1096 1515 ἢ

12 1563 13 1574 ¹
88 1535 246 1614 δυνατοῖς·
271 1544 426 1620 στρατιᾶς
449 1532 480 1598 δ’
506 1532 665 1621 ἡμετέρας
686 1535 788 1601 πάλιν
810 1533 915 1600 ἐκεῖσε
938 1535 1096 1622 ἀφικομέ-

12 1711 13 1714 ,
87 1665 138 1724 νῃς
157 1640 213 1707 καῖ
241 1641 451 1727 φθειρούσης
472 1642 534 1725 τὴν
561 1639 699 1708 ἐντείνων
725 1650 802 1725 γῆν·
830 1641 958 1727 οὐγὰρ
982 1640 1095 1721 ἀνεξό-

12 1781 13 1784 ¹
87 1755 163 1829 μεθα
184 1750 231 1833 μὴ
257 1747 576 1832 ἀντιτιμωρούμενοι
597 1750 676 1825 τοὺς
697 1746 859 1832 ἀρξαντας
880 1747 967 1833 ἡμᾶς
988 1760 1095 1828 κακῶς

86 1865 195 1920 ποιεῖν·
220 1856 319 1920 δυεῖν
336 1853 399 1918 οὑκ
416 1852 459 1919 ἂν
478 1851 636 1937 ἁμάρτοις
654 1851 812 1938 θατέρου,
834 1853 855 1938 ἣ
878 1857 962 1942 πρὸς
984 1855 1095 1922 αὐτῶν
1109 1875 1135 1916 ιε

12 1979 14 2016 J
42 1956 229 2044 ιεοιέκείνων,
258 1952 310 2037 οἷς
332 1966 438 2037 αῖτιος
459 1961 518 2046 ἔσῃ
549 1971 732 2046 συμφορῶν
759 1959 924 2044 μεγάλων,
951 1962 1095 2048 αἰσχρῶς

87 2063 312 2152 ἀναιρεθῆναι,
350 2065 371 2149 ἣ
402 2067 486 2152 πρὸς
515 2064 629 2150 ἡμῶν,
660 2065 719 2142 οὓς
749 2064 941 2132 ἀποκτενῶν
971 2090 1007 2132 τε
1038 2065 1094 2133 καὶ

88 2171 329 2256 δουλωσόμενος
351 2165 460 2254 ἦλθες.
505 2171 588 2258 τάχα
611 2168 643 2236 δ’
668 2171 711 2237 ἀν
734 2169 867 2256 ἐκεῖνοι,
889 2171 969 2260 πρὶν
993 2171 1030 2237 ἐν
1047 2176 1130 2260 τῷ4

12 2309 14 2354 ε
88 2283 197 2344 παθεῖν
224 2302 258 2343 τι
285 2279 388 2342 κακὸν
415 2274 586 2362 γενέσθαι,
613 2277 782 2354 διαλύσεις
809 2284 980 2344 ποιεῖσθαι
1010 2279 1094 2363 πρὸς

12 2403 13 2408 ’
87 2381 159 2465 ἡμᾶς
180 2383 426 2471 ἐπιχειροῦντες
448 2385 587 2449 ἔκδοτον
608 2381 784 2462 ἀξιώσειαν
812 2380 867 2448 ἐπὶ
892 2385 1035 2471 τιμωρίᾳ
1057 2400 1094 2449 σε
1107 2403 1134 2443 το

12 2513 14 2518 ·
88 2491 312 2573 παραδιδόναι·
343 2488 364 2568 Ιδ
392 2487 512 2554 πολλοὶ
538 2489 706 2574 βάρβαροί
724 2511 760 2555 τε
787 2487 843 2554 καὶ
862 2485 1022 2571 Ἕλληνες
1045 2491 1094 2566 εἰς

88 2597 228 2674 τοιαύτας
251 2594 470 2672 καταστάντες
491 2595 592 2680 τύχας
618 2595 881 2679 ἡναγκάσθησαν
906 2594 1092 2680 ὑπομεῖναι.

90 2691 141 2783 ἀρά
157 2725 195 2784 γε
213 2702 316 2786 μικρά
333 2698 388 2766 καὶ
407 2701 469 2766 οὑκ
487 2699 562 2778 ἀξια
579 2703 683 2784 λόγου
706 2698 798 2766 ταῦτ’
820 2695 909 2766 εἶναί
929 2718 982 2768 σοι
1001 2703 1095 2769 δοκεῖ

89 2803 134 2868 καὶ
158 2805 238 2873 δέον
266 2807 378 2872 αὐτῶν
404 2806 576 2893 ὑπεριδεῖν
602 2806 622 2890 ἢ
646 2817 757 2872 κακῶν
784 2808 986 2891 συμπάντων
1008 2811 1092 2895 <τά>

92 2911 194 2996 ἔσχατα
215 2919 355 2994 παθεῖνς
1105 2933 1132 2974 2⁶

148 3030 230 3090 4ἐπῖ
248 3034 398 3097 τούτοιςΒ
471 3033 690 3108 ῖσκόττ<ει>Β
763 3034 890 3107 9ὑπάρξ
928 3035 1002 3091 κατὰ
1019 3037 1092 3106 γνὼ-

93 3120 135 3170 μῃν
155 3122 177 3162 ο.
195 3105 341 3175 Kiessling
437 3110 470 3160 10
492 3103 739 3176 ὑποδεξαμένοις.
758 3103 855 3196 μέμφῃ
879 3057 911 3162 δὺ
935 3107 985 3161 καλ
1007 3107 1091 3167 αὑτός

92 3176 235 3232 σεαντδνΑ
264 3173 487 3247 ὑποδεξαμένοις
509 3175 627 3232 σεαυτόν
650 3177 673 3230 Β
765 3183 834 3245 11η
860 3179 993 3238 δυνατοῖς
1010 3176 1036 3228 Α
1054 3175 1090 3230 cf.

92 3240 144 3300 VIII
152 3253 219 3316 34‚3
238 3243 257 3316 ἢ
272 3246 457 3310 ἀδυνάτοιςΒ
471 3247 521 3301 καὶ
538 3246 690 3310 ἀδυνάτοις
704 3263 727 3302 ο.
737 3247 882 3316 Kieusling
901 3247 934 3302 cf.
946 3245 1091 3300 Meutoener

93 3313 150 3371 Am
162 3318 231 3387 phil.
247 3324 316 3374 1882
333 3337 361 3388 p.
376 3325 429 3373 254
485 3324 517 3373 17
536 3319 710 3374 ἀποκτείνων
724 3318 803 3373 ABG
822 3320 986 3372 ἀποκτενῶν
1003 3313 1090 3384 vulgo

94 3385 232 3446 24ds'ov0
260 3389 322 3444 δεῖν
350 3405 374 3444 ο.
393 3387 483 3444 Cobet
501 3389 567 3444 Obs.
585 3407 613 3458 p.
630 3394 680 3444 160
708 3390 755 3443 δεῖ
770 3388 844 3442 Prou
887 3389 892 3456 Ι
934 3385 969 3444 τά
988 3383 1090 3456 ἔσχατα

93 3452 180 3514 δεδιότε
196 3459 232 3516 τὰ
251 3458 344 3516 om.O
399 3465 434 3515 25
452 3463 560 3516 παθεῖν
579 3459 634 3514 del.
653 3457 743 3515 Cobet
760 3458 780 3514 1.
798 3458 817 3512 1.

876 3544 929 3595 11*
