2508 3882
513 171 684 222 -Η-
1039 172 1104 236 243

81 353 155 414 νης,
177 329 238 396 έδιν
253 330 365 414 ἐκείνη
380 329 429 414 γ’,
449 330 558 416 ὥσπερ
574 331 757 415 ἐλπίζομεν,
776 332 912 418 ὁμονοῇ.
942 334 1105 420 χρήσιμον

82 432 118 499 δὲ
141 445 284 522 πρᾶγμα
308 437 345 502 έν
367 442 503 514 πολλοῖς
530 435 585 502 καί
607 437 723 520 ήκιστα
753 440 922 523 σφαλερὸν
944 438 1104 524 ἀναβολή,

59 540 135 606 ,καί
160 544 272 608 πολλά
297 544 315 610 ὁ
338 547 460 630 χρόνος
482 543 519 609 ἐν
543 541 648 630 ήμέρᾳ
671 551 731 630 μιᾷ
753 549 959 630 μετατίθησι·
987 544 1102 612 καὶτὸ

80 650 124 732 μή
144 649 327 728 στασιάζον
346 649 382 715 έν
401 661 471 727 τοίς
488 653 706 736 προεστηκόσι
723 659 791 715 τῶν
805 663 928 716 κοινῶν
947 651 1103 718 ἁπάντων

80 755 225 838 ἀγαθῶν
254 755 291 823 έν
314 767 386 833 ταῖς
412 759 550 822 πόλεσιν
572 762 689 822 αίτιον.
735 756 799 840 ἐγώ
828 753 889 841 μὲν
913 759 954 842 δή
978 760 1101 842 ταύτην
1129 783 1142 824 ε

80 861 314 948 ἀποφαίνομαι
346 864 497 946 γνώμην·
529 863 561 926 εἰ
588 860 627 927 δέ
651 886 700 940 τις
727 863 809 928 άλλο
837 874 986 948 κρεῖττον
1013 866 1101 948 είση-

79 978 202 1052 γείπαι,
226 967 357 1051 λεγέτω.

22 1087 79 1136 1694
147 1073 302 1140 LXXVI.
343 1073 569 1159 Παυσαμένου
593 1073 624 1140 δ’
653 1075 758 1141 αὑτοῦ
780 1078 885 1153 πολὺς
907 1078 1041 1153 ἔπαινος
1064 1075 1100 1146 έκ

80 1191 147 1246 τῶν
176 1183 356 1265 παρόντων
385 1180 531 1264 ἐγένετο,
559 1178 614 1248 καὶ
642 1179 757 1259 οὐδεὶς
784 1192 851 1248 τῶν
874 1177 943 1267 μετ’
970 1181 1099 1249 ἐκείνου

81 1285 324 1371 ἐρωτηθέντων
343 1283 459 1372 ἑτέραν
476 1289 613 1371 γνώμην
632 1286 863 1373 ἀποφαίνεται·
882 1289 1042 1373 γράφεται
1057 1289 1099 1372 δή
1115 1314 1139 1353 10

82 1393 163 1474 μετὰ
191 1403 296 1460 ταῦτα
323 1394 360 1459 τὸ
382 1401 442 1476 τῆς
463 1397 587 1478 βουλῆς
609 1394 717 1477 δόγμα
740 1395 885 1460 τοιόνδε·
915 1394 1040 1478 άνδρας
1062 1393 1099 1460 ἐκ

80 1509 148 1564 τῶν
187 1499 358 1564 ὑπατικῶν
396 1500 575 1584 αἱρεθῆναι
611 1498 690 1564 δέκα
726 1502 805 1576 τοὺς
840 1498 1098 1584 πρεσβυτάτους,

83 1606 203 1682 οἵτινες
231 1605 403 1690 ὁρίσαντες
430 1606 491 1689 τήν
522 1605 686 1689 δημοσίαν
713 1606 824 1691 χώραν
852 1603 1098 1690 ἀποδείξουσιν,

83 1711 164 1796 ὅσην
188 1735 222 1776 τε
248 1713 301 1776 δεῖ
321 1717 530 1796 μισθοῦσθαι
553 1709 609 1776 καὶ
632 1711 716 1794 ὅσην
737 1721 782 1798 τςδ
808 1712 902 1801 δήμῳ
926 1713 1098 1797 διαιρεθῆ-

85 1838 149 1882 ναι·
178 1829 251 1895 τοίς
278 1815 309 1882 δ’
335 1820 539 1894 ἰσοπολίταις
564 1839 599 1883 τε
627 1814 682 1882 καί
709 1818 909 1904 συμμάχοις,
937 1817 995 1884 έάν
1022 1803 1137 1919 τιναιῗὅ

83 1924 222 2013 ὕστερον
252 1923 490 2009 ἐπικτήσωνται
517 1931 613 2008 κοινή
641 1924 935 2008 στρατευσάμενοι,
961 1927 999 1991 τὸ
1029 1925 1097 1991 ἑπι-
1150 1946 1155 1994 ι

85 2031 206 2113 βάλλον
236 2027 385 2106 ἑκάστοις
411 2031 493 2095 κατὰ
517 2030 573 2106 τάς
600 2030 779 2114 ὁμολογίας
800 2029 962 2116 ὑπάρχειν
985 2029 1096 2117 μέρος·

85 2138 140 2222 τήν
173 2133 205 2202 δ’
233 2139 362 2221 αἳρεσιν
394 2147 461 2202 τῶν
495 2135 629 2221 ἀνδρῶν
660 2133 715 2201 καὶ
746 2137 808 2220 τήν
836 2137 1001 2219 διανομήν
1028 2146 1095 2202 τῶν

84 2246 213 2329 κλήρων
231 2242 286 2309 καὶ
304 2237 408 2309 τᾶλλα
427 2242 488 2308 ὅσα
508 2243 562 2307 δεῖ
577 2240 735 2324 γενέσθαι
753 2244 831 2318 τοὺς
850 2243 1013 2318 είσιόντας
1027 2241 1096 2306 ἐπι-

85 2349 208 2415 τελέσαι
231 2349 385 2426 ὑπάτους.
431 2357 530 2415 τοῦτο
552 2349 590 2413 τὸ
615 2348 722 2432 δόγμα
744 2348 792 2424 είς
814 2347 873 2411 τὸν
897 2347 1005 2431 δῆμον
1028 2351 1094 2414 είσ-
1109 2370 1135 2409 ω

87 2453 217 2542 ενεχθὲν
241 2458 300 2520 τόν
327 2478 361 2520 τε
384 2454 537 2520 Κάσσιον
560 2456 680 2519 ἔπαυσε
703 2462 760 2536 τῆς
786 2453 1012 2537 δημαγωγίας,
1039 2452 1094 2520 καὶ

85 2563 138 2644 τήν
156 2558 458 2647 ἀναρριπιζομένην
477 2559 513 2625 έκ
535 2571 603 2625 τῶν
620 2563 771 2644 πενήτων
791 2559 908 2624 στάσιν
926 2559 988 2624 οὑκ
1004 2565 1093 2626 εἴασε
1179 2581 1184 2607 ¹

84 2666 261 2753 περαιτέρω
283 2672 474 2751 προελθεῖν.

142 2772 309 2839 LXXVII.
355 2777 408 2859 Τῷ
436 2770 466 2836 δ’
495 2769 568 2856 ἑξῆς
593 2771 734 2860 ἐνιαυτῷ
762 2781 821 2856 τῆς
848 2769 1094 2858 ἑβδομηκοστῆς

84 2878 131 2944 καὶ
153 2881 308 2965 τετάρτης
331 2879 537 2965 ὀλυμπιάδος
559 2877 753 2962 ἐνεστώσης,
775 2878 818 2962 ἣν
842 2877 935 2944 ένίκα
954 2879 1092 2945 στάδιον
1106 2898 1132 2938 2⁵

77 2981 229 3062 ’Ἁστυλος
258 2987 506 3071 Συρακούσιος,
534 2982 696 3069 Ἀθήνησι
728 2983 758 3049 δ’
791 2986 904 3071 άρχων
930 2980 973 3069 ήν
1001 2986 1092 3050 Λεώ-

36 3099 225 3178 ιιεσοτρατος,
245 3095 392 3157 Κοίντου
412 3095 543 3176 Φαβίου
561 3088 617 3155 καὶ
635 3095 802 3176 Σερουίου
821 3093 1013 3176 Κορνηλίου
1031 3091 1092 3173 τήν

147 3280 214 3340 4έν
234 3283 289 3340 deL
308 3282 454 3352 Kiessling
561 3281 646 3350 στήν
665 3283 778 3352 γνώμην
803 3299 825 3336 ο.
844 3281 948 3336 Reiske
998 3295 1000 3299 ·
1058 3286 1090 3332 12

86 3354 156 3422 *pro
174 3356 396 3426 ἀποδειχθῆναι,
416 3353 491 3423 quod
505 3369 558 3408 om.
574 3353 639 3422 AB,
660 3350 814 3423 αίρεῶήναι
833 3368 885 3421 ego
904 3351 935 3404 in
948 3350 1035 3404 verba
1049 3367 1090 3404 re-

87 3425 140 3494 cepi
157 3426 191 3481 τί.
206 3445 234 3496 p.
250 3432 316 3494 242,
336 3432 353 3480 9
373 3429 402 3480 et
415 3441 513 3479 vocem
532 3425 640 3492 αἵρεσιν
658 3442 684 3478 v.
701 3429 734 3477 18

876 3511 930 3564 16*
