2508 3882
598 216 765 265 -H-

173 403 237 464 μης
263 376 450 462 ἀποστῆναί
473 393 510 441 σε
539 375 618 454 ἀξιῶ
645 385 706 442 τοῦ
733 371 897 460 πολέμου,
926 376 1086 440 πείσαντα
1113 376 1193 450 τοὺς

176 485 410 561 Οὐολούσκους
436 482 609 568 μετριάσαι
639 478 716 567 περὶ
742 481 801 558 τάς
827 481 1008 564 διαλλαγὰς
1034 477 1090 544 καὶ
1118 501 1192 544 ποι-

173 594 321 675 ήσασθαι
348 591 409 673 την
438 589 576 673 εἰρήνην
608 584 808 672 ἀμφοτέροις
838 597 908 663 τοῖς
938 587 1055 651 ἔθνεσι
1086 587 1194 669 καλὴν

174 695 230 763 καὶ
253 693 455 782 πρέπουσαν.
499 702 598 759 τοῦτο
618 689 655 758 δὲ
674 689 794 775 γένοιτ’
818 693 873 776 άν,
896 693 928 758 εί
943 702 1008 759 νῦν
1027 688 1089 777 μὲν
1111 691 1194 758 άυα-

150 805 298 888 ιστήσας
333 801 395 885 τὴν
427 799 583 885 στρατιὰν
615 797 799 882 ἀπαγάγοις
833 797 1023 876 ἐνιαυσίους
1052 799 1194 883 ποιησά-

175 931 274 993 μενος
297 905 434 992 ἀνοχάς,
460 904 499 970 ἐν
521 901 559 970 δὲ
581 913 627 992 τῷ
648 903 769 989 μεταξὺ
797 908 908 994 χρόνῳ
935 904 1089 991 πρέσβεις
1111 904 1194 970 ἀπο-

176 1012 323 1086 στέλλων
348 1036 384 1078 τε
409 1009 466 1076 καί
489 1012 668 1097 δεχόμενος
690 1010 801 1094 ἀληθῆ
823 1015 942 1096 φιλίαν
963 1011 1120 1098 πράττοις
1138 1008 1195 1076 καί

143 1119 360 1201 3διαλλαγάς
384 1120 528 1202 βεβαίας.
574 1114 630 1182 καὶ
656 1111 695 1181 εὖ
723 1121 810 1182 ίσθι·
841 1114 999 1200 Ῥωμαῖοι
1024 1115 1103 1202 μέν,
1119 1101 1195 1182 Ιόσα

177 1229 257 1310 μητε
281 1226 317 1289 τὸ
341 1222 509 1288 ἀδύνατον
532 1218 606 1306 μήτ’
633 1223 717 1307 άλλη
747 1245 797 1300 τις
818 1219 935 1301 ἀδοξία
957 1230 1195 1308 προσπεσοῦσα

139 1353 164 1392 10
177 1331 331 1414 κωλύσει,
353 1329 460 1396 πάντα
483 1329 689 1413 ὑπομενοῦσι
710 1328 867 1415 πράττειν
890 1332 979 1418 λόγῳ
1006 1325 1062 1395 καί
1087 1349 1194 1415 παρα-

177 1438 291 1520 κλήσει
312 1438 524 1519 πειθόμενοι,
551 1433 811 1520 ἀναρπαζόμενοι
840 1432 889 1518 δ’,
917 1436 1026 1521 ὥσπερ
1055 1437 1098 1500 σὺ
1128 1446 1195 1502 νῦν

178 1541 293 1626 ἀξιοῖς,
315 1537 420 1608 οὐθὲν
442 1540 485 1606 ἀν
507 1541 638 1607 πώποτε
661 1543 853 1628 χαρίσαιντο
877 1541 957 1626 ὑμίν
980 1542 1056 1608 οὔτε
1079 1545 1193 1626 μεῖζον

178 1645 248 1714 οὔτ’
280 1651 431 1730 ἔλαττον,
460 1647 505 1724 ὡς
534 1645 567 1726 ἐξ
598 1648 709 1712 ἀλλων
739 1670 773 1712 τε
807 1651 941 1712 πολλῶν
973 1647 1115 1733 πάρεστί
1140 1664 1195 1713 σοι

177 1759 383 1837 καταμαθεῖν
406 1750 461 1818 καὶ
483 1753 523 1818 τά
545 1753 716 1818 τελευταῖα
739 1752 772 1830 ἐξ
797 1747 845 1818 ὧν
868 1756 1026 1830 Λατίνοις
1048 1755 1195 1839 συνεχά-

140 1878 165 1920 15
179 1873 285 1944 ρησαν
304 1856 486 1923 ἀποστᾶσιν
505 1857 569 1924 ἀπὸ
586 1869 655 1924 τῶν
673 1859 799 1925 ὅπλων·
822 1857 1031 1938 Οὐολοῦσκοι
1050 1854 1087 1923 δὲ
1105 1863 1194 1925 πολὺ

179 1967 216 2030 τὸ
238 1965 387 2042 αὔθαδες
410 1967 555 2050 ἔχουσιν,
578 1965 596 2031 ὃ
620 1969 796 2050 συμβαίνει
816 1975 888 2042 τοῖς
908 1965 1033 2050 μεγάλα
1055 1963 1253 2051 εύτυχή-ιειε

143 2075 286 2140 4σασιν.
332 2069 391 2135 ἐὰν
419 2067 500 2156 <δδ>
525 2071 684 2157 διδάσκῃς
711 2072 849 2156 αύτούς,
876 2072 928 2138 ὅτι
954 2081 1042 2137 πᾶσα
1065 2067 1128 2156 μὲν
1150 2074 1196 2137 εί-

103 2252 106 2265 ,
180 2179 265 2288 ρήγη
283 2181 407 2254 παντός
421 2176 489 2242 ἐστι
503 2176 650 2262 πολέμου
665 2181 834 2265 κρείττων,
853 2179 1016 2262 σύμβασις
1030 2173 1067 2242 δὲ
1085 2181 1196 2262 φίλων
1252 2231 1253 2236 ,

179 2285 261 2349 κατά
284 2286 344 2351 τὸν
367 2280 522 2350 ἑκούσιον
544 2283 703 2369 γινομένη
726 2288 852 2371 τρόπον
874 2296 942 2352 τῶν
964 2281 1020 2350 ὑπ’
1050 2282 1197 2368 ἀνάγκης
1252 2249 1253 2303 δ

142 2412 168 2452 νο
181 2387 467 2476 συγχωρηθέντων
497 2389 708 2477 βεβαιοτέρα,
734 2389 789 2457 καὶ
817 2390 868 2457 ὅτι
892 2393 1078 2476 σωφρόνων
1105 2388 1197 2455 ἐστὶν

180 2495 382 2583 ἀνθρώπων,
406 2497 485 2562 ὅταν
504 2493 566 2581 μὲν
584 2493 623 2563 εὖ
646 2498 801 2580 πράττειν
820 2499 956 2581 δοκῶσι,
978 2497 1197 2580 ταμιεύεσθαι
1251 2575 1252 2590 χ

180 2604 238 2678 τάς
260 2603 376 2688 τύχας,
404 2602 484 2668 ὅταν
513 2601 542 2668 δ’
570 2606 618 2680 είς
644 2605 800 2680 ταπεινὰς
827 2601 883 2669 καὶ
906 2602 1036 2687 φαύλας
1058 2604 1197 2686 ἔλθωσι,

181 2703 290 2790 μηθὲν
323 2706 503 2791 ὑπομένειν
534 2707 683 2791 ἀγεννές·
716 2706 772 2775 καί
801 2703 922 2792 τᾶλλα,
950 2708 1013 2773 ὅσα
1042 2709 1090 2786 είς
1119 2709 1198 2793 ἡμε-

183 2813 303 2894 ρότητα
334 2809 389 2876 καὶ
424 2811 600 2878 ἐπιείκειαν
636 2807 791 2900 ἐπαγωγά
822 2815 1029 2901 παιδεύματα
1060 2814 1197 2901 εὕρηται
1250 2859 1251 2868 ι

255 3043 268 3090 1
288 3038 354 3106 pout
372 3039 509 3092 πείσαντα
527 3055 626 3094 rasura
642 3039 729 3094 trium
746 3041 793 3096 vel
811 3044 946 3110 quattuor
964 3041 1021 3096 litt.
1041 3041 1064 3094 B
1095 3048 1099 3109 Ι
1132 3045 1198 3112 post

181 3109 246 3172 τοῦς
264 3125 321 3163 unu,
338 3108 436 3163 littera
455 3125 536 3164 erasa
608 3119 624 3166 6
645 3107 675 3167 ἐν
694 3118 731 3185 τῷ
750 3114 854 3182 μεταξύ
873 3113 961 3186 τούτῳ
980 3111 1073 3182 χρόνω
1092 3113 1119 3166 A
1182 3119 1197 3166 9

181 3188 379 3252 προσπεσοῦσα
394 3180 444 3235 Ac
462 3191 605 3250 προσοῦσα
624 3183 646 3236 Β
720 3189 753 3237 15
775 3185 962 3247 Οὐολούσκοις
977 3186 1002 3236 Α
1024 3169 1198 3239 Ούολοῦοκοι

182 3252 214 3308 δὲ
232 3261 285 3307 νῦν
304 3251 355 3322 μὲν
374 3253 445 3307 πολὺ
464 3271 487 3308 ο.
506 3253 610 3308 Reiske
683 3261 716 3310 17
736 3253 767 3310 δὲ
787 3255 851 3310 add.
868 3255 1002 3324 Sylburg;
1025 3255 1198 3310 Οὐολοῦσκοι

182 3323 214 3379 δὲ
233 3325 304 3379 πολὺ
331 3323 362 3378 τὸ
386 3323 514 3388 αύθαδες
533 3323 656 3396 ἔχοντες,
683 3321 734 3380 ἐάν
760 3325 896 3398 διδάσκῃς
914 3325 1019 3388 αύτούς
1038 3358 1072 3368 -
1092 3325 1199 3399 ὑποβή-

183 3411 280 3450 σονται
299 3412 322 3450 ο.
341 3393 485 3464 Kiessling
566 3403 599 3450 19
618 3395 754 3467 γενομένη
774 3413 797 3452 ο.
811 3395 955 3467 Kiessling
1039 3405 1073 3454 22
1094 3396 1135 3461 είς
1152 3418 1200 3452 τα·

182 3465 268 3519 ποινά
286 3464 335 3520 καὶ
354 3471 450 3534 φαῦλα
469 3484 492 3522 ο.
511 3466 655 3538 Kiessling
673 3467 799 3536 φαύλους
816 3469 842 3520 Α
