2484 3876
598 208 765 257 -Η-

175 367 235 449 τὴν
262 365 337 450 περὶ
364 375 421 451 τῆς
448 364 627 444 ἀποθέσεως
654 375 711 451 τῆς
739 365 1011 452 κατεψευσμένης
1041 365 1182 449 μήνυσιν.

142 477 162 540 3
177 472 284 539 ἐδόκει
306 483 377 551 τοῖς
395 472 557 559 ἀνδράσιν
576 472 705 558 ἀληθὴς
722 468 808 540 εἶναι
826 475 845 540 δ
865 477 980 558 λόγος,
1003 467 1060 537 καὶ
1077 469 1184 534 αὐτίκα

176 578 196 661 ὑ
219 580 324 663 βουλὴ
352 576 421 644 κατ’
448 580 556 667 ἀνδρα
582 580 648 646 ὑπὸ
676 591 744 645 τῶν
765 580 902 646 ὑπάτων
926 583 1094 663 κληθεῖσα
1116 591 1186 640 συν-

177 694 272 770 ῆκτο,
299 683 354 750 καὶ
380 683 564 771 παραχθεὶς
586 685 604 752 ὁ
629 687 775 770 μηνυτὴς
798 689 876 762 τοὺς
898 685 1027 761 αὐτοὺς
1050 677 1118 748 είπε
1140 678 1186 746 καὶ

152 794 259 877 ιπρδς
289 792 418 875 ἐκείνην
447 793 487 857 τά
516 793 615 857 πιστά
647 793 759 876 λαβὼν
789 796 918 876 λόγους.
974 801 1047 866 τοῖς
1077 785 1112 853 δὲ
1140 785 1187 852 καλ

121 963 126 974 ,
178 899 279 965 πάλαι
302 895 363 983 μὲν
385 893 528 964 εἶναιτὸ
551 908 686 984 πρᾶγμα
705 898 812 965 ἐδόκει
835 901 962 982 μεστὸν
981 897 1126 975 ὑποψίας
1141 917 1186 958 το-

180 1008 304 1089 σαύτην
326 1007 464 1088 υεότητα
491 1002 523 1082 ἐξ
552 1002 627 1082 ἑνὸς
654 1007 776 1082 ἔθνους
802 1007 973 1091 διαφόρου
1006 1005 1120 1088 σφίσιν
1140 996 1186 1064 ἐπὶ

178 1113 239 1195 τὴν
266 1109 351 1175 θίαν
373 1115 570 1195 παρελθεῖν,
596 1113 848 1195 προσελθούσης
878 1108 915 1176 δὲ
939 1110 1126 1196 μηνύσεως,
1149 1099 1183 1186 ἧς

178 1218 241 1300 τὴν
267 1216 396 1300 ἀπάτην
422 1215 584 1301 ἠγνόουν,
617 1220 713 1302 ίσχὺν
740 1221 877 1303 βεβαίαν
904 1218 925 1302 η
958 1214 1044 1294 δόξα
1070 1213 1218 1294 ἔλαβεν,15]

142 1346 167 1384 10
182 1321 288 1388 ἐδόκει
324 1319 360 1387 θ’
396 1323 519 1388 ἅπασιν
551 1322 767 1389 ἀπαλλάττειν
800 1327 879 1401 τοὺς
912 1325 1046 1408 ἀνδρας
1074 1317 1104 1384 ἐκ
1129 1323 1178 1397 τῆς

180 1432 307 1506 πόλεως
327 1427 407 1516 πρὶν
429 1431 526 1513 ἥλιον
550 1431 665 1513 δῦναι,
693 1443 761 1508 τοῖς
783 1428 821 1496 δὲ
843 1432 887 1515 μὴ
910 1437 1102 1496 πεισθεῖσιν
1123 1421 1180 1487 ἐπι-

180 1536 318 1623 κηρύξαι
341 1536 500 1620 θάνατον,
524 1535 764 1621 ἐπιμεληθῆναι
786 1533 824 1602 δὲ
842 1545 901 1621 τῆς
920 1536 1114 1620 ἀπαλλαγῆς
1133 1526 1179 1591 αὖ·

181 1655 263 1727 τῶν,
295 1645 350 1708 ἵνα
377 1641 478 1729 χωρὶς
504 1642 631 1728 ὕβρεως
659 1641 715 1709 καὶ
741 1640 809 1728 μετ’
841 1642 1028 1728 ἀσφαλείας
1056 1637 1175 1724 γένοιτο,

181 1752 258 1826 τοὺς
280 1749 433 1826 ὑπάτους.

142 1874 167 1914 15
247 1854 324 1920 IIII.
366 1858 475 1920 Ταῦτα
502 1865 559 1941 τῆς
581 1859 704 1939 βουλῆς
725 1856 957 1942 ψηφισαμένης
981 1857 1020 1923 οί
1040 1848 1101 1938 μὲν
1122 1845 1178 1924 ἀλλ’·

182 1985 302 2046 ρυττον
325 1962 381 2026 διά
403 1973 469 2027 τῶν
493 1973 670 2028 στενωπῶν
693 1962 869 2041 διεξιόντες
891 1962 1027 2029 ἀπιέναι
1048 1949 1178 2024 Οὐολοά

182 2084 282 2145 σκους
305 2068 341 2132 ἐκ
363 2077 420 2151 τῆς
442 2071 568 2144 πόλεως
591 2069 707 2134 αὐτίκα
730 2071 817 2154 μάλα
839 2071 921 2136 κατά
944 2074 1027 2155 μίαν
1051 2067 1178 2130 ἅπαντας

183 2174 329 2254 ἐξιόντας
355 2174 463 2258 πύλην
486 2176 546 2258 τὴν
570 2173 779 2259 καλουμένην
795 2179 995 2259 Καπυΐνην,
1023 2173 1126 2255 ἕτεροι
1149 2156 1177 2226 δὲ

181 2281 393 2368 παρέπεμπον
420 2284 497 2358 τοὺς
525 2280 831 2365 ἀπαλλαττομένους
859 2284 925 2366 άμα
952 2293 1023 2359 τοῖς
1045 2275 1177 2344 ὑπάτοιῖ

143 2414 169 2454 εο
183 2393 267 2456 ἔνθα
286 2389 555 2473 μάλισταιόίφθη,
579 2388 660 2453 ὅσον
678 2387 843 2454 αὐτῶντὸ
862 2393 991 2472 πλῆθος
1013 2383 1057 2472 ἦν
1075 2377 1128 2448 καὶ
1144 2374 1179 2447 ὑί
1224 2418 1225 2435 ι

183 2495 324 2579 ἀκμαῖον
347 2497 434 2562 δίκαν
457 2491 514 2580 ὑφ’
543 2494 601 2560 ἕνα
624 2496 741 2581 καιρὸν
759 2492 815 2559 καὶ
834 2495 916 2560 κατά
938 2499 1018 2577 μίαν
1038 2491 1177 2570 ἐξιόντων

183 2605 301 2687 πάλην.
346 2614 474 2686 πρῶτος
497 2600 528 2666 δ’
554 2603 664 2666 αὐτῶν
687 2603 705 2668 δ
733 2602 858 2678 Τύλλος
880 2598 967 2687 ἐξῄει
990 2602 1047 2666 διὰ
1068 2587 1179 2678 ταχέων
1224 2588 1225 2647 λ

183 2706 238 2771 καὶ
260 2710 455 2791 καταλαβὼν
474 2707 514 2772 οὐ
533 2711 645 2793 πρόσω
664 2716 722 2790 τῆς
743 2711 868 2784 πόλεως
885 2710 987 2773 τόπον
1008 2701 1178 2784 ἐπιτήδειον

149 2812 221 2883 λέν
247 2814 353 2901 τοὺτφ
384 2816 461 2888 τοὺς
489 2812 710 2897 ὑστεροῦντας
737 2813 973 2898 ἀνελάμβανεν.
1019 2806 1128 2888 ἐπειδὴ
1148 2791 1178 2861 δὲ

146 2939 171 2982 ει
184 2920 303 2995 πάντες
316 2920 545 3003 συνήχθησαν,
559 2919 734 3003 ἐκκλησίαν
742 2921 964 3005 ποιησάμενος
977 2925 1081 3004 πολλῇ
1094 2907 1220 2980 κατθῙῧῙῙ

185 3029 246 3111 βοῇ
273 3033 332 3107 τῆς
349 3021 517 3107 Ῥωμαίων
543 3028 669 3101 πόλεως
696 3025 871 3112 ἐχρήσατο,
894 3026 1009 3109 δεινὴν
1032 3022 1085 3090 καὶ
1106 3013 1176 3100 ἀφὺ·
1224 3020 1225 3035 ’

256 3190 272 3238 5
296 3179 335 3245 είς
358 3175 469 3250 ἐκείνην
492 3183 516 3235 A
607 3187 810 3252 8προσελθεῖν
834 3182 856 3237 Ο
884 3187 1031 3238 συνελθεῖν
1053 3179 1097 3236 vel
1116 3187 1176 3236 W
1224 3230 1225 3233 ,

186 3259 281 3312 ελθεῖν
301 3253 422 3323 Sylburg
440 3251 536 3309 ἐλθεῖν
554 3253 697 3324 Kiessling
759 3262 792 3309 10
811 3256 826 3288 *
844 3274 873 3308 τε
893 3253 1040 3310 ἅπασινΟ
1058 3272 1086 3308 τε
1103 3252 1176 3302 βᾶθί

184 3326 328 3394 Kiessling
417 3330 450 3381 16
469 3327 585 3380 ἀπεῖναι
604 3323 626 3378 0
646 3323 762 3378 ἀπιέναι
781 3324 901 3393 Sylburg
993 3333 1025 3381 18
1043 3315 1174 3380 Καπυΐνλν

186 3399 308 3450 extremo
331 3412 413 3449 versu
436 3396 516 3450 addit
536 3397 556 3448 B
646 3401 679 3448 21
704 3394 793 3465 ἅπαν]
818 3393 951 3449 ἀπάντων
974 3413 996 3453 ο.
1021 3395 1104 3451 Cobet
1121 3385 1174 3440 0b⁸·

186 3482 213 3532 p.
230 3471 280 3520 153
297 3471 301 3535 Ι
317 3465 366 3519 καὶ
380 3466 434 3520 del.
451 3466 541 3521 Cobet
553 3466 571 3521 l.
587 3466 605 3520 l.
656 3473 688 3520 27
708 3465 818 3536 δεινὴν]
834 3463 872 3518 δι’
889 3462 924 3538 ἣν
937 3466 964 3517 Α
980 3469 984 3535 Ι
1000 3452 1176 3535 ἀπόρρητονᾹ
