2538 3884
186 205 250 270 308
607 204 775 256 -Θ-

183 370 260 444 τοὺς
282 365 347 432 ὑπὸ
371 375 442 443 ταῖς
464 367 619 450 σημαίαις
640 365 820 442 τοσούτους
842 365 969 450 ἀνδρας
990 367 1039 442 είς
1060 365 1123 449 την
1143 368 1204 430 πό-

184 478 238 538 λιν
262 470 481 560 ἀναστρέφειν
503 472 585 538 ἀνευ
608 474 820 555 ψηφίσματος
841 474 977 555 βουλῆς,
1001 469 1204 556 δυναμένων

40 567 49 586 '
184 591 251 646 τῶν
271 579 467 667 ἱερουργιῶν
485 574 541 643 καὶ
560 574 604 643 δι’
622 574 743 663 ἐτέρων
758 576 1009 662 ἐπιτελεσθῆναι
1026 587 1096 643 τῶν
1110 599 1205 661 μετε-

184 689 314 772 χόντων
336 681 397 770 μέν
420 693 481 751 τοῦ
504 685 608 751 αὐτοῦ
631 682 766 768 γένους,
789 687 1046 769 προβεβηκότων
1070 679 1109 748 δέ
1131 694 1206 759 ταῖς

158 790 340 874 τὴλικίαις·
363 789 433 857 οὔτ’
456 792 488 855 εί
508 791 629 868 πάντες
651 789 905 874 ἀπεληλύθεσαν
928 789 965 856 ἐκ
987 797 1045 874 τῆς
1062 792 1204 872 πόλεως,

184 896 241 962 καὶ
267 899 411 982 μηδεμία
437 907 537 983 μοῖρα
564 906 624 962 τοῦ
653 900 791 980 Φαβίων
819 894 938 979 γένους
964 895 1001 962 ἐν
1028 905 1101 972 τοῖς
1128 895 1258 980 &we-179

186 1005 291 1079 στίοις
313 1002 518 1086 ὑπελείπετο,
540 1002 665 1080 πάντας
686 1004 774 1078 εἰκὸς
791 995 834 1085 ἦν
852 1004 931 1078 τοὺς
947 999 1148 1087 κατέχοντας
1166 1004 1203 1067 τὸ

185 1109 350 1194 φρούριον
374 1106 520 1175 ἐκλιπεῖν
539 1109 643 1176 αὐτοῦ
661 1111 722 1192 τὴν
739 1109 907 1193 φυλακήν·
929 1109 1056 1192 ἤρκουν
1075 1109 1142 1193 γὰρ
1162 1106 1204 1172 ἂν

186 1210 240 1278 καὶ
267 1223 356 1299 τρεῖς
378 1212 398 1298 ἢ
421 1212 571 1300 τέτταρες
598 1213 793 1300 ἀφικόμενοι
821 1211 1013 1280 συντελέσαι
1040 1211 1117 1299 περὶ
1142 1223 1204 1280 τοῦ

147 1341 174 1381 10
186 1315 305 1402 γένους
332 1319 412 1386 ὅλου
439 1322 481 1386 τὰ
509 1321 590 1406 ίερά.
636 1321 692 1386 διὰ
718 1317 780 1404 μὲν
808 1321 851 1403 δὴ
873 1321 992 1397 ταύτας
1014 1321 1073 1398 τὰς
1096 1323 1205 1397 αίτίας

188 1425 249 1491 οὐκ
272 1423 368 1504 ἔδοξέ
387 1450 444 1510 μοι
465 1429 581 1504 πιστὸς
603 1421 689 1493 εἶναι
712 1426 730 1493 ὁ
754 1428 860 1510 λόγος.

253 1531 325 1598 ΧΧ.
361 1530 395 1596 Ὁ
428 1530 458 1598 θ’
486 1532 611 1620 ἕτερος,
643 1532 683 1598 ὃν
711 1531 935 1618 ἀληθέστερον
963 1527 1050 1598 εἶναι
1078 1535 1203 1616 νομιξω

188 1642 267 1724 περί
290 1661 325 1703 τε
352 1647 409 1724 τῆς
436 1639 601 1717 ἀπωλείας
626 1649 694 1705 τῶν
723 1638 857 1724 ἀνδρῶν
884 1635 940 1703 καί
966 1647 1024 1722 τῆς
1047 1635 1204 1714 ἁλώσεως

188 1753 249 1809 τοῦ
280 1748 462 1831 φρουρίου,
494 1747 624 1812 τοιόσδε
651 1749 702 1822 τίς
728 1743 827 1810 ἐστιν.
877 1743 1034 1822 ἐξιόντων
1062 1741 1117 1810 ἐπὶ
1144 1745 1203 1820 τὰς

150 1869 175 1910 15
189 1851 358 1934 προνομάς
379 1861 446 1916 τῶν
469 1850 603 1937 ἀνδρῶν
625 1850 784 1927 πολλάκις
806 1849 862 1916 καὶ
880 1851 991 1914 διὰτὸ
1009 1840 1202 1934 κατορθοῦν

189 1952 227 2020 ἐν
249 1966 321 2033 ταῖς
342 1959 471 2042 πείραις
493 1967 639 2042 συνεχῶς
661 1955 859 2042 προσωτέρω
882 1956 1151 2042 προχωρούντων
1171 1955 1206 2021 οί

194 2060 362 2149 Τυρρηνοὶ
392 2061 693 2150 παρεσκευασμένοι
723 2063 879 2150 στρατιὰν
909 2062 1036 2147 συχνὴν
1065 2059 1104 2126 ἐν
1132 2072 1203 2138 τοῖς

190 2170 323 2252 ἔγγιστα
350 2171 484 2255 χωρίοις
506 2172 666 2246 λαθόντες
688 2171 766 2246 τοὺς
787 2171 966 2253 πολεμίους
986 2183 1203 2252 κατεστρατο-

189 2273 364 2341 πέδευσαν.
409 2271 507 2340 ἔπειτ’
533 2271 788 2351 ἀποστέλλοντες
814 2272 851 2339 ἐκ
877 2283 944 2338 τῶν
971 2275 1105 2359 χωρίων
1128 2277 1205 2340 ποί-

149 2400 177 2440 2⁰
190 2404 274 2464 μνας
295 2403 331 2446 τε
352 2378 408 2446 καὶ
432 2383 590 2464 βουκόλια
608 2377 663 2445 καὶ
680 2379 862 2465 φορβάδων
880 2377 1001 2463 ἀγέλας
1018 2379 1130 2444 ’ίππων
1150 2378 1205 2444 ἐπὶ

190 2488 298 2572 νομὴν
319 2495 366 2574 τῷ
389 2489 477 2576 λόγῳ
500 2485 750 2571 προύκαλοῦντο
773 2488 851 2562 τοὺς
868 2486 994 2571 ἀνδρας
1012 2482 1067 2551 ἐπὶ
1083 2494 1205 2551 ταῦτα·

190 2593 226 2658 ολ
251 2589 281 2656 δ’
308 2591 451 2671 ἐξιόντες
472 2593 552 2669 τούς
572 2589 600 2656 τ’
627 2591 827 2678 ἀνθρώπους
850 2593 1060 2678 συνήρπαζον
1081 2587 1140 2655 καὶ
1164 2593 1258 2657 vam

155 2699 381 2782 2βοσκηματα
406 2700 638 2784 περιήλαυνον.
683 2708 782 2764 τοῦτο
806 2707 951 2782 συνεχῶς
973 2697 1010 2762 οἱ
1033 2696 1206 2781 Τυρρηνοὶ

189 2812 363 2879 ποιοῦντες
384 2800 440 2868 καὶ
461 2806 684 2887 προαγόμενοι
706 2807 784 2880 τοὺς
805 2806 984 2887 πολεμίους
1002 2800 1055 2867 ἀεὶ
1070 2817 1207 2887 προσω-

150 2926 177 2968 εε
190 2904 274 2992 τέρω
302 2914 362 2973 τοῦ
388 2907 545 2993 χάρακος,
571 2906 684 2991 ἐπειδὴ
709 2907 905 2994 διέφθειραν
929 2906 1098 2974 αὐτῶντὸ
1121 2929 1207 2992 προ-

68 3037 87 3098 >
189 3014 345 3098 νοητικὸν
372 3021 432 3078 τοῦ
443 3010 630 3104 ἀσφαλοῦς
656 3024 728 3091 ταῖς
755 3011 928 3099 συνεχέσιν
954 3014 1127 3097 ὠφελείαις
1150 3015 1206 3078 ἀε-

190 3118 381 3202 λεάσαντες,
404 3115 616 3202 ἐγκαθίζουσι
638 3123 758 3205 λόχους
781 3118 817 3186 ἐν
840 3131 910 3196 τοῖς
932 3117 1114 3204 ἐπικαίροις
1135 3130 1206 3184 τῶν

262 3312 424 3380 1σημείαις
441 3309 493 3364 ΑΒ
555 3306 616 3366 θέε
634 3309 786 3381 ουργῶνΑ
844 3311 973 3364 λαάτῶν
992 3317 1042 3364 τοῦ
1061 3307 1206 3379 γένουςΑ

190 3389 207 3437 8
229 3378 446 3504 ἢ<ρκουνχίΒίο
527 3387 542 3435 9
566 3331 672 3451 περλθ
691 3379 762 3450 ὑπὲρ
781 3379 886 3436 Βείελεο
964 3385 995 3434 11
1021 3379 1070 3436 ὅδε
1088 3381 1105 3436 ὁ
1125 3382 1207 3452 λόγος

191 3451 214 3504 Ο
233 3454 346 3518 praeter
459 3457 493 3507 16
512 3453 639 3522 σπείραις
657 3450 708 3506 ΑΟ
726 3453 837 3520 πείραις
854 3449 957 3520 BOmg
