2508 3882
495 232 528 240 -
566 205 602 252 ιι·
630 231 663 240 -
1022 200 1085 264 ιιι

141 363 240 428 LXII.
285 365 329 428 Εί
351 359 413 447 μέν
436 357 498 428 οὖν
522 363 589 446 ἅμα
611 375 682 440 τοῖς
704 364 833 448 σώμασι
857 365 1089 448 διαλυομένοις

13 469 14 520 f
84 469 130 534 καλ
155 473 192 536 τὸ
225 479 286 555 τῆς
315 477 439 555 ψυχῆς,
471 467 639 553 ὁτιδήποτ’
671 467 763 536 ἐστίν
796 469 920 554 έκεῖνο,
952 472 1089 536 συνδια-

85 577 200 659 λύεται,
226 574 285 641 καί
312 575 442 662 οὐδαμῇ
472 571 577 642 οὐθὲν
605 576 653 640 ἔτι
681 574 786 659 ἐστίν,
815 576 877 642 οὐκ
902 571 968 643 οἶδ’
1000 577 1090 655 ὅπως

12 667 14 738 ἷ
84 687 253 768 μακαρίους
277 682 434 768 ὑπολάβω
458 684 536 760 τοὺς
554 678 663 768 μηθὲν
681 677 743 766 μέν
762 681 1013 761 ἀπολαύσαντας
1030 693 1089 768 τῆς

12 781 14 838 ἶ
85 789 186 876 ἀρετής
208 789 356 873 ἀγαθόν,
379 786 423 854 δι’
447 789 551 873 αὐτὴν
574 785 612 854 δέ
635 790 758 873 ταύτην
782 787 1018 874 ἀπολομένους.
1060 792 1091 856 εί
1116 810 1129 850 τ

12 969 14 998 Ι
85 893 109 960 δ’
132 897 301 983 άφθαρτοι
328 893 425 982 μέχρι
451 905 512 962 τοῦ
539 896 662 973 παντὸς
684 896 722 960 αί
741 894 845 981 ψυχαὶ
866 896 1090 981 τυγχάνουσιν

12 1003 14 1024 “
84 1003 164 1086 ήμῶν
182 997 285 1069 οὖσαι
302 1003 454 1088 καθάπερ
473 1005 605 1068 οίονταί
619 1024 718 1086 τινες,
736 1001 757 1086 ή
775 1005 899 1090 χρόνον
917 1004 992 1069 τινὰ
1010 1004 1090 1087 μετά

85 1111 135 1194 τήν
151 1109 350 1194 ἀπαλλαγήν
369 1119 436 1174 τῶν
455 1108 618 1193 σωμάτων
636 1111 683 1174 ἔτι
702 1107 909 1192 διαμένουσι,
931 1109 1091 1194 μήκιστον

86 1211 136 1298 μέν
156 1216 193 1280 αί
213 1225 284 1281 τῶν
306 1214 447 1298 ἀγαθῶν
470 1213 617 1300 ἀνδρῶν,
640 1211 813 1300 ἐλάχιστον
836 1212 867 1279 δ’
888 1215 927 1281 αί
945 1227 1012 1282 τών
1034 1239 1092 1281 κα-

85 1332 153 1405 κῶν,
174 1320 357 1408 ἀποχρῶσα
374 1321 452 1404 τιμή
475 1313 619 1405 φαίνοιτ’
641 1321 695 1404 άν,
718 1311 769 1398 οἷς
791 1319 912 1407 ἀρετήν
930 1321 1091 1390 ἀσκοῦσιν
1106 1341 1132 1381 1⁰

86 1426 268 1511 ἠναντιώθη
293 1428 333 1492 τδι
357 1425 393 1492 ἐκ
416 1435 473 1511 τῆς
495 1427 611 1512 τύχης,
637 1426 658 1510 ή
681 1428 771 1513 παρὰ
793 1437 860 1492 τῶν
884 1429 1015 1506 ζώντων
1038 1430 1092 1495 εὐ-

41 1537 167 1617 ιιι3λογία
188 1532 247 1600 καὶ
270 1536 384 1618 μνήμη
408 1530 502 1618 μέχρι
525 1536 682 1599 πλείστου
702 1535 931 1617 παραμείνασα
953 1537 1090 1620 χρόνον·

87 1638 169 1704 ὃκαὶ
195 1647 243 1728 τῷ
273 1636 374 1724 ἀνδρί
401 1638 517 1728 ἐκείνῳ
545 1636 678 1724 συνέβη.
724 1637 851 1724 οὐγὰρ
875 1642 980 1724 μόνον
1006 1639 1126 1706 offo-2

88 1749 209 1812 λοῦσκοι
240 1748 301 1812 τὸν
331 1745 483 1811 θάνατον
514 1743 704 1830 ἐπένθησαν
734 1745 838 1812 αὐτοῦ
867 1744 923 1812 καὶ
951 1747 997 1824 ώς
1026 1758 1092 1814 τῶν

88 1849 217 1936 ἀρίστων
237 1855 423 1936 γενόμενον
442 1849 479 1915 έν
497 1859 573 1936 τιμή
593 1853 739 1936 ἔχουσιν,
757 1850 841 1917 ἀλλὰ
859 1850 915 1918 καί
927 1851 1093 1938 Ῥωμαῖοι,
1108 1870 1133 1911 1⁵

89 1956 187 2043 ἐπειδή
211 1961 251 2025 τὸ
275 1958 386 2035 πάθος
408 1955 576 2041 ἐγνώσθη,
599 1957 746 2042 μεγάλην
769 1960 948 2045 συμφοράν
970 1959 1094 2027 ὑπολα-

88 2067 191 2148 βόντες
213 2060 304 2132 είναι
327 2073 385 2150 τής
407 2067 551 2148 πόλεως,
577 2062 703 2141 πένθος
725 2063 923 2148 ἐποιήσαντο
948 2067 1017 2154 ίδίᾳ
1039 2066 1094 2131 καὶ

90 2171 233 2260 δημοσία·
258 2170 316 2237 καὶ
332 2171 413 2255 <αί>
432 2180 588 2254 γυναῖκες
610 2170 732 2254 αὐτῶν,
754 2171 776 2236 ἀ
797 2173 900 2254 νόμος
923 2168 1014 2236 ἐστὶν
1036 2171 1094 2236 αὐ-

89 2288 147 2355 ταῖς
169 2278 224 2344 έπλ
249 2288 319 2356 τοϊς
342 2279 441 2354 ίδίοις
463 2299 497 2342 τε
520 2274 575 2342 καὶ
598 2275 790 2360 ἀναγκαίοις
812 2287 921 2342 ποιεῖν
946 2277 1094 2360 κήδεσιν,

89 2381 286 2470 ἀποθέμεναι
313 2386 440 2470 χρυσόν
467 2406 501 2448 τε
529 2380 584 2448 καὶ
616 2384 794 2470 πορφύραν
820 2381 877 2447 καὶ
903 2384 963 2448 τὸν
991 2384 1094 2449 ἀλλον
1108 2403 1134 2442 2⁰

90 2489 204 2557 άπαντα
217 2494 346 2576 κόσμον
360 2488 500 2575 μέλασιν
513 2488 718 2574 ἀμφιασμοῖς
730 2489 897 2575 χρώμεναι
910 2490 970 2554 τὸν
985 2487 1094 2555 ἐνιαύ-

91 2610 153 2660 σιον
175 2595 370 2682 ἐπένθησαν
389 2599 522 2682 χρόνον.
569 2594 651 2660 ἐτῶν
671 2591 708 2660 δέ
726 2596 807 2681 μετά
825 2597 863 2661 τὸ
882 2595 991 2673 πάθος
1009 2596 1129 2680 δμοῦθ

90 2724 114 2764 τι
133 2706 359 2770 πεντακοσίων
386 2703 451 2786 ήδη
476 2703 719 2785 διαγεγονότων
741 2703 789 2779 τίς
815 2703 913 2767 τόνδε
935 2705 996 2770 τὸν
1017 2708 1094 2790 χρό-

91 2829 143 2872 νον
168 2811 210 2876 οὐ
240 2808 379 2894 γέγονεν
410 2807 555 2891 ἐξίτηλος
583 2807 604 2892 ἡ
632 2817 693 2873 τοῦ
721 2805 843 2894 ἀνδρὸς
865 2811 993 2895 μνήμη,
1020 2807 1092 2876 ἀλλ’

92 2909 193 2997 ᾄδεται
222 2914 280 2982 καὶ
301 2915 454 3001 ὑμνεῖται
476 2916 560 2999 πρὸς
581 2913 716 2980 πάντων
740 2914 785 2992 ὡς
807 2915 945 3001 εὐσεβής
967 2915 1023 2983 καί
1046 2919 1095 2982 δί-
1109 2936 1136 2976 25

154 3115 168 3163 ’ί
192 3107 296 3178 χρόνον
319 3106 389 3177 μετὰ
411 3106 463 3176 τὴν
494 3105 659 3176 ἀπαλλαγήν
682 3106 747 3161 τινὰ
769 3116 825 3162 τῶν
850 3107 872 3163 Ο
899 3124 968 3162 corr.
993 3107 1096 3162 Reiske

94 3173 153 3231 duce
171 3178 323 3248 Sylburgio
403 3184 419 3232 8
439 3173 636 3246 ἒνδιαμένουσι
656 3176 677 3231 0
698 3180 727 3231 ολ
746 3177 847 3232 Suidas
867 3173 1096 3248 έπιδιαμένουσιν

94 3261 113 3299 e.
129 3245 213 3304 Cobet
232 3250 299 3305 obs.
317 3268 345 3320 p.
362 3255 412 3306 166
442 3247 483 3304 ἔτι
505 3246 687 3317 διαμένουσιν
710 3249 757 3304 vel
780 3247 1008 3319 διαμένουσιν-ο.
1034 3248 1098 3302 Sin-

95 3317 157 3373 tem's
174 3320 235 3377 Em.
253 3320 335 3376 Dion.
355 3321 396 3375 ΙΠ
418 3328 450 3374 16
506 3325 539 3373 15
558 3320 678 3388 ἀρίστων
698 3318 750 3374 ἕνα
770 3337 793 3374 ο.
814 3320 985 3388 Grasberger
1002 3318 1097 3374 Philo-

95 3384 165 3457 logus
183 3399 216 3448 28
234 3395 329 3462 (1869)
354 3411 381 3461 p.
401 3397 454 3446 666
517 3396 550 3444 18
570 3388 601 3450 αἱ
619 3390 685 3446 add.
704 3391 808 3446 Reiske
874 3396 907 3444 21
928 3391 1098 3462 ἀμφιεσμοῐς

95 3455 228 3529 ΒΙαίιτδν
248 3463 392 3518 ένιαάσιον
411 3479 434 3517 ο.
454 3461 599 3530 Kiessling
