2496 3878
535 182 697 230 -z-
1084 179 1126 244 13

111 340 265 426 κρατικήν
297 341 566 423 καταστήσωνται
596 343 775 407 πολιτείαν.
826 339 975 438 ἀσμένως
1002 339 1040 408 δέ
1066 343 1161 410 τοῦθ
1211 359 1214 368 ’

113 448 290 530 δημοτικοῦ
312 444 369 512 καὶ
391 457 542 532 πονηροῦ
562 452 715 533 πλήθους
733 448 796 533 τήν
814 447 966 534 ἁρπαγήν
984 459 1052 515 τῶν
1069 449 1126 515 ἀλ-

110 557 250 640 λοτρίων
276 553 459 639 δεξαμένου
482 555 595 639 λαβὼν
616 555 678 637 τήν
700 555 927 640 αὐτοκράτορα
944 555 1050 642 ἀρχήν
1068 556 1128 622 αύ-

109 663 161 736 τὸς
191 659 272 746 παρ’
305 658 426 728 ἑαυτοῦ
458 659 572 747 ἕτερον
605 660 754 747 ἐπιφέρει
785 663 969 747 βούλευμα,
1005 660 1048 727 δι’
1085 658 1127 729 οὗ

109 767 426 853 παρακρουσάμενος
452 766 574 843 αύτούς
601 765 756 832 ἁπάντων
779 765 932 852 ἀφείλετο
955 769 1015 851 τήν
1038 767 1128 835 ἐλευ-
1155 793 1169 834 ε

56 876 239 958 ιετῖθερίαν.
278 873 488 957 σκηψάμενος
510 874 574 959 γὰρ
598 872 796 940 ὑποπτεύειν
818 875 962 961 ταραχάς
978 873 1033 940 καὶ
1052 874 1128 941 ἐπα-

110 978 285 1055 ναστάσεις
312 977 349 1042 ἐκ
375 989 443 1044 τῶν
469 982 641 1045 πλουσίων
668 980 716 1056 είς
741 981 820 1056 τοὺς
847 981 1046 1064 δημοτικοὺς
1073 983 1128 1046 διὰ

110 1087 168 1151 τὸν
191 1083 389 1168 ἀναδασμὸν
412 1093 469 1168 της
491 1093 552 1170 γῆς
573 1082 629 1150 καὶ
651 1087 709 1162 τὰς
730 1096 798 1150 τῶν
821 1087 964 1152 δανείων
987 1085 1129 1173 ἀφέσεις,

111 1193 165 1257 ἵνα
185 1193 231 1276 μή
251 1188 382 1275 γένοιτο
401 1194 543 1276 πόλεμος
561 1190 722 1276 ἐμφύλιος
739 1189 823 1276 μηδὲ
841 1195 941 1279 φόνοι
955 1197 1130 1279 πολιτικοί,

112 1301 190 1382 μίαν
213 1297 382 1382 εὑρίσκειν
406 1298 467 1382 ἐφη
492 1295 572 1383 πρὶν
595 1298 642 1374 είς
660 1299 700 1362 τδι
718 1299 813 1364 δειυδι
832 1297 946 1365 ἐλθεῖν
965 1302 1130 1385 φυλακήν,
1145 1323 1171 1362 ιο

112 1407 142 1469 εί
162 1405 203 1468 τὰ
229 1403 315 1468 ὅπλα
337 1402 596 1489 προενέγκαντες
619 1403 745 1471 ἐκτῶν
768 1406 883 1471 οίκιῶν
902 1406 1044 1483 ἀπαντες
1061 1418 1131 1483 τοῖς

112 1517 205 1586 θεοῖς
238 1511 495 1594 καθιερώσειαν,
526 1511 582 1576 ἵνα
611 1512 693 1576 κατὰ
720 1522 787 1577 τῶν
814 1510 941 1589 ἐξωθεν
968 1510 1131 1577 ἐκτόπων

111 1620 282 1700 πολεμίων
312 1618 420 1702 ἔχοιεν
449 1615 578 1700 αὐτοῖς,
608 1617 688 1683 ὅταν
718 1615 844 1701 ἀνάγκη
874 1640 925 1694 τις
952 1617 1131 1705 καταλάβῃ,

112 1729 260 1808 χρῆσθαι
289 1719 344 1787 καὶ
371 1724 416 1806 μὴ
444 1719 521 1788 καθ’
549 1721 691 1806 ἑαυτῶν,
723 1729 855 1790 κεῖσθαι
883 1720 914 1788 δ’
942 1724 1024 1791 αύτά
1051 1724 1167 1860 τέως3

112 1829 203 1915 παρὰ
227 1839 298 1904 τοῖς
315 1827 445 1904 θεοῖς’
428 1851 465 1894 εν
483 1834 582 1918 καλῷ.
620 1829 664 1906 ως
683 1826 720 1894 δέ
738 1827 793 1894 καί
810 1839 890 1896 τοῦτ
891 1797 1167 1916 ὢέπείσθησαν,
1147 1869 1172 1910 1⁵

112 1935 310 2060 αὐθημερὸν
344 1933 499 2000 ἁπάντων
531 1938 755 2022 παρελόμενος
784 1938 947 2021 Κυμαίων
978 1937 1018 2001 τά
1047 1939 1133 2004 ὅπλα

111 2053 184 2117 ταῖς
208 2063 223 2105 ε
225 2039 283 2124 ξής
304 2039 441 2125 ἡμέραις
464 2043 603 2126 ἔρευναν
626 2041 768 2108 ἐποιεῖτο
791 2053 859 2107 τῶν
877 2045 1003 2127 οίκιῶν,
1026 2043 1063 2109 ἐν
1082 2035 1134 2120 αἷς

111 2149 260 2223 πολλοὺς
282 2143 337 2211 καὶ
361 2146 511 2229 ἀγαθοὺς
532 2146 727 2225 ἀποκτείνας
745 2159 812 2214 τῶν
830 2153 986 2232 πολιτῶν,
1009 2149 1054 2225 ὡς
1071 2149 1133 2234 ούχ

112 2255 245 2318 ἅπαντα
268 2263 339 2328 τοῖς
360 2258 455 2329 θεοῖς
478 2252 715 2332 ἀποδείξαντας
736 2255 777 2318 τδι
801 2255 901 2338 ὅπλα,
929 2256 1009 2338 μετδι
1031 2265 1134 2320 ταῦτα

112 2365 282 2444 φυλακαῖς
303 2353 391 2444 τρισὶ
413 2360 608 2446 κρατύνεται
630 2362 691 2444 τήν
713 2362 909 2444 τυραννίδα·
940 2354 988 2424 ὧν
1010 2355 1053 2443 ήυ
1076 2365 1135 2444 μία
1149 2381 1176 2422 εο

112 2460 176 2547 μέν
200 2463 327 2529 ἐκτῶν
351 2465 597 2551 ῥυπαρωτάτων
622 2469 669 2546 [τε
692 2464 747 2531 καὶ
770 2466 1017 2552 πονηροτάτων]
1041 2472 1135 2533 πολι·

57 2581 195 2654 ιεεοτῶν,
219 2567 296 2655 μεθ’
320 2567 368 2637 ὧν
391 2570 549 2637 κατέλυσε
572 2573 634 2656 τήν
657 2571 932 2660 ἀριστοκρατικήν
955 2577 1135 2656 πολιτείαν,

114 2674 210 2761 ἑτέρα
236 2671 266 2742 δ’
286 2677 323 2742 ἐκ
340 2689 407 2744 τῶν
426 2677 659 2744 ἀνοσιωτάτων
678 2679 821 2763 δούλων,
845 2679 904 2757 οὓς
923 2680 1022 2758 αὐτὸς
1039 2682 1136 2765 ήλευ-

113 2781 271 2869 θέρωσευ
293 2783 550 2861 ἀποκτείναντας
567 2786 645 2862 τοὺς
664 2786 774 2850 αὑτῶν
793 2788 964 2869 δεσπότας,
986 2789 1078 2872 τρίτη
1099 2782 1136 2850 δέ

114 2893 330 2974 μισθοφόρος
352 2889 388 2954 ἐκ
410 2901 477 2955 τῶν
501 2889 714 2977 ἀγριωτάτων
733 2893 924 2977 βαρβάρων·
948 2888 1041 2958 οὗτοι
1064 2894 1136 2956 δισ-
1150 2909 1176 2950 ω

115 3000 237 3088 χιλίων
261 2997 322 3060 ούκ
346 2994 501 3074 ἐλάττους
525 2992 611 3081 ήσαν
634 2994 689 3061 καὶ
712 2998 752 3062 τδι
774 2998 913 3081 πολέμια
937 3006 1050 3087 μακρῷ
1069 3009 1136 3062 τῶν
1245 3049 1246 3058 ,

191 3157 206 3204 1
228 3151 451 3220 καταστήσονται
469 3152 543 3208 BbO
599 3158 629 3207 11
651 3154 666 3188 *
685 3153 943 3223 προενεγκόντεςΟ
968 3156 973 3221 Ι
998 3150 1138 3226 οίκ<ι>ωκ

118 3227 152 3274 13
157 3221 367 3350 πιρλέμωνΒΑΟ
417 3228 452 3348 11ίὸ
472 3226 664 3347 κείοεσθαέ
642 3241 665 3278 c.
686 3223 776 3279 Cobet
792 3223 897 3348 ἕλικι)
867 3301 901 3349 20
900 3229 1006 3375 ,ἐδμὴ
1027 3224 1139 3349 ὃδομμρὶ

116 3300 181 3356 ταῖς
238 3314 300 3356 ταις
472 3294 586 3349 ἅπαντα
646 3294 775 3358 ἅπαντας

117 3363 226 3418 Reiske
281 3365 348 3419 21*
361 3385 391 3420 τε
411 3365 459 3420 καὶ
477 3365 677 3436 πονηροτάτων
692 3367 714 3420 Ο
730 3366 780 3420 sed
793 3365 841 3418 Bb
857 3365 944 3418 adds
936 3383 966 3418 m
979 3379 1044 3430 mge
1058 3365 1138 3416 uncis

117 3433 227 3490 inclusi
293 3440 329 3490 24
347 3433 565 3498 ἀποκτείναντες
583 3437 608 3489 Α
628 3440 633 3505 Ι
655 3438 748 3490 αὐτῶν
767 3435 819 3488 ΑΒ
