2484 3876
503 223 669 274 -H-
936 253 940 260 -
1029 217 1093 282 149

51 391 146 448 σιμοῦ
165 390 320 467 πρανοῦς,
347 382 392 459 ὡς
414 381 433 449 6
456 383 637 468 στρατηγὸς
664 381 777 459 αύτοίς
798 379 955 447 ὑπέθετο·
983 378 1038 446 καὶ
1062 380 1098 447 οὶ

96 486 229 553 Βωλανοὶ
251 488 315 570 τὴν
334 486 462 570 ἀπάτην
481 488 543 555 οὐκ
561 488 685 565 είδότες
703 486 843 553 ἐδίωκον
862 487 939 573 ύχρι
956 492 1094 554 πολλοῦ.

96 592 151 658 ἐπεὶ
176 592 211 660 δὲ
238 598 354 682 πρόσω
378 603 437 678 τῆς
457 597 585 672 πόλεως
608 593 778 679 ἐγίνοντο,
806 597 891 679 ἔχων
917 595 997 670 τούς
1024 591 1094 658 ἐπι-

94 698 211 777 λίκτους
243 711 312 766 τῶν
342 698 430 766 νέων
462 701 481 766 6
508 701 663 787 Μάρκιος
694 700 793 785 ὁμόσε
822 711 891 777 τοῖς
922 704 1095 776 Βωλανοῖς

94 805 205 893 ἐχώρει·
234 805 290 871 καὶ
318 809 444 890 γίνεται
470 809 574 883 πολύς
597 807 707 873 αὐτῶν
730 806 878 872 ἐνταῦθα
900 809 1005 890 φόνος
1026 817 1093 872 τῶν
1123 824 1136 866 ο

93 909 143 996 μὲν
168 909 404 997 ἀμυνομένων,
432 921 499 977 τῶν
527 909 565 978 δὲ
591 916 796 998 φευγόντων.
847 913 865 978 6
894 909 925 977 δ’
956 911 1131 978 ἀκολου-4

92 1025 154 1085 θύα
187 1031 258 1095 τοῖς
295 1016 348 1084 ἐπὶ
382 1021 445 1103 τὴν
478 1022 577 1084 πόλιν
608 1017 816 1103 ὠθουμένοις
847 1019 985 1104 φθόνει,
1016 1016 1096 1104 πρὶν

92 1123 324 1212 ἐπιρραχθῆναι
351 1127 409 1202 τοὶς
435 1126 541 1202 πύλας
567 1125 815 1211 είςβιαστίμενος
842 1127 889 1202 είς
914 1127 953 1192 τὸ
982 1136 1096 1211 τείχος.

92 1231 127 1308 ὡς
147 1230 176 1296 δ’
203 1233 221 1298 6
246 1233 427 1317 στρατηγὸς
449 1230 533 1310 ἅπαξ
557 1230 716 1318 ἐγκρατὴς
736 1243 803 1297 τῶν
820 1236 936 1298 πυλῶν
954 1229 1095 1315 ἐγίνετο,

91 1337 259 1420 ἠκολούθει
286 1335 341 1403 καὶ
366 1339 405 1402 τὸ
432 1339 514 1403 ἄλλο
541 1348 609 1404 τῶν
638 1337 862 1404 Οὐολούσκων
887 1343 1033 1423 πλῆθος,
1060 1339 1096 1403 οί
1110 1355 1137 1396 1⁰

91 1439 122 1508 δὲ
152 1441 306 1511 Βωλανοὶ
342 1447 379 1512 τὸ
415 1455 524 1530 τεῖχος
555 1443 744 1521 ἐκλιπόντες
779 1446 923 1529 ἐφευχον
955 1441 1009 1509 ἐπὶ
1040 1444 1098 1520 τὰς

93 1551 194 1628 οἰκίας.
241 1554 421 1637 γενόμενος
451 1548 489 1616 δὶ
517 1548 574 1616 καὶ
601 1551 862 1638 ταύτηςικύριος
888 1559 945 1634 τῆς
971 1551 1098 1626 πόλεως

93 1655 235 1742 ἐπέτρεψε
259 1669 329 1734 τοῖς
351 1658 563 1744 στρατιώταις
585 1658 625 1722 τύ
647 1681 682 1722 τε
703 1658 836 1742 σώματα
860 1655 1097 1742 ἐξανδραποδί-

94 1768 207 1826 σασθαι
229 1759 286 1826 καὶ
308 1763 348 1827 τνὶ
370 1765 520 1848 χρήματα
545 1761 725 1846 διαρπάσαι
747 1760 802 1826 καὶ
825 1763 884 1827 τὸν
903 1761 1005 1828 αὐτὸν
1024 1764 1098 1848 τρό-

94 1887 150 1932 πον
171 1869 280 1954 ὥσπερ
302 1865 358 1933 καὶ
380 1870 544 1954 πρότερον
567 1868 699 1933 λίπασαν
723 1865 896 1952 ἐκκομίσας
921 1868 983 1952 τὴν
1005 1873 1098 1935 λείαν
1113 1885 1140 1926 1⁶

94 1975 151 2037 σὺν
179 1977 289 2064 χρόνῳ
317 1997 352 2039 τε
379 1971 434 2039 καὶ
462 1974 543 2040 κατιὶ
570 1975 698 2058 πολλὴν
722 1972 875 2053 ἐξουσίαν
898 1977 978 2060 μετὰ
1000 1985 1099 2042 τούτο

96 2080 150 2162 τὴν
170 2083 268 2146 πόλιν
292 2079 481 2166 ἐνέπρησεν.

155 2187 290 2252 XVIIII.
322 2183 501 2252 Ἐντεῦθεν
524 2182 561 2251 δέ
580 2186 641 2270 τὴν
660 2187 805 2272 δύναμιν
824 2186 1001 2272 ἀναλαβὼν
1019 2183 1100 2270 ἦγεν

47 2289 143 2357 ισιιέπὶ
168 2296 244 2370 τοὺς
275 2291 502 2377 καλουμένους
528 2294 747 2378 Λαβικανούς.
797 2289 840 2377 ἧν
870 2289 907 2358 δέ
934 2290 990 2358 καὶ
1017 2293 1099 2378 αύτη

19 2439 20 2450 ι
95 2401 159 2464 τότε
175 2403 330 2465 Λατίνων
348 2400 369 2483 ἡ
387 2402 483 2475 πόλις
497 2395 668 2483 Ἀλβανῶν
688 2399 797 2485 ὥσπερ
815 2396 870 2464 καὶ
888 2399 986 2464 δίλλαι
1004 2400 1098 2465 όίποι-
1113 2417 1140 2456 ²0

96 2527 153 2581 νος.
193 2503 466 2591 καταπλήξασθαι
490 2501 528 2570 δὶ
550 2508 755 2590 βουλόμενος
775 2507 853 2581 τοὺς
871 2506 971 2570 ἔνδον
990 2508 1100 2572 ἐκαιεν

97 2611 194 2678 αὐτῶν
216 2614 278 2696 τὴν
300 2613 413 2697 χώραν
435 2611 541 2688 εὐθὺς
563 2609 677 2696 ἐπιών,
700 2611 783 2677 ὅθεν
801 2611 941 2696 μάλιστα
960 2614 1099 2697 ἔμελλον

98 2717 226 2794 δύεσθαι
253 2718 315 2802 τὴν
337 2721 456 2803 φλόγα.
502 2719 538 2782 οί
562 2714 599 2783 δέ
622 2715 808 2802 Λαβικανοὶ
835 2729 941 2804 τεῖχος
963 2715 1002 2785 εὖ
1023 2744 1099 2786 κατ-

98 2822 328 2911 εσκευασμένον
356 2826 487 2908 ἔχοντες
519 2824 595 2889 ούτε
627 2825 877 2908 κατεπλάγησαν
907 2826 1011 2892 αὐτοῦ
1038 2828 1100 2911 τὴν

98 2929 207 3013 ἔφοδον
231 2932 309 2997 ούτε
336 2932 486 3016 μαλακὸν
513 2928 675 2996 ἐνέδοσαν
703 2927 819 3015 ούδέν,
846 2927 920 2997 ἀλλ’
946 2931 1099 3017 ἀντεῖχον
1113 2951 1141 2991 25

158 3121 256 3191 ’ίφθοὶ
272 3164 277 3176 .
293 3141 338 3177 νει
359 3121 383 3174 Β
473 3127 490 3177 8
514 3115 713 3194 ἐκβιασάμενοι
742 3122 764 3177 Ο
792 3117 994 3194 ἐκπαισωίμενοι
1021 3124 1099 3191 Amg

97 3187 290 3265 είςβιασύμενοι
318 3209 342 3246 ο.
361 3191 452 3246 Cobet
469 3191 572 3246 Variae
591 3192 668 3247 Ιιθωὶ,
686 3211 714 3263 p.
729 3198 782 3249 280
874 3201 906 3248 12
925 3192 1033 3262 κύριος]
1054 3187 1100 3260 ἐχ-

96 3262 187 3330 κρατής
203 3264 230 3318 A
303 3269 336 3318 19
356 3263 426 3332 αύτὴ
447 3263 469 3318 Ο
489 3262 560 3332 κύτη
580 3263 702 3332 δχὶὶοιιτς
774 3270 809 3320 20
827 3263 947 3332 *ὥσπερ
962 3261 1012 3316 καὶ
1030 3261 1098 3332 ἄλλη

97 3331 122 3398 0,
139 3332 227 3406 ὥσπερ
246 3333 280 3390 αλ
297 3333 379 3389 ἄλλαι
398 3333 522 3403 Sylburg
540 3333 632 3404 ὥσπερ
651 3334 700 3389 καὶ
718 3334 800 3390 ύλλαι
819 3351 872 3402 ego
945 3339 978 3387 22
998 3328 1099 3454 ἐπιὼιὲ

96 3402 172 3458 είπὼν
190 3409 214 3459 Α
305 3412 340 3459 23
360 3400 695 3529 ἐχνατὲε>σκευασμὲνον
714 3407 736 3458 Β
761 3400 1056 3472 ἐνκατασκενασμένον

96 3472 121 3530 εὶ
137 3473 393 3546 κατεσκευασμένον
411 3491 434 3531 ο.
479 3475 587 3529 elenius
1096 3507 1097 3514 ι
