2508 3882
168 197 233 262 288
591 195 757 248 -Θ-

170 360 366 442 διεγνώκατε
394 360 441 434 είς
469 363 544 423 ίσον
571 365 771 439 καταστῆσαι
798 357 838 420 τδι
864 357 944 440 ἔργα
968 365 1037 430 τοῖς
1058 357 1179 435 λόγοις,

131 465 230 530 4οὐκ
255 463 297 528 ἀν
320 462 537 549 ἁμαρτάνοιτε
558 461 659 527 ταύτὸ
682 470 856 537 ποιοῦντες
877 459 961 544 ἐμοί.
1012 456 1107 524 Ταῦτ’
1137 460 1180 522 εί-

169 571 241 636 πδιν
268 566 323 634 καὶ
351 571 389 634 τὸ
417 567 511 653 ξίφος
537 567 710 644 ἀνατείνας
733 569 842 652 ὤμοσε
865 569 924 632 τὸν
947 565 1124 651 ἐπιχώριόν
1147 587 1179 628 τε

163 674 333 760 Ῥωμαίοις
363 677 419 740 καὶ
450 675 626 760 κράτιστον
658 675 776 757 ὅρκον,
807 673 868 756 τήν
897 672 1032 755 ἀγαθήν
1062 669 1179 736 ἑαυτοῦ

128 803 142 844 ε
169 787 291 866 πίστιν,
320 783 457 864 νικήσας
482 783 560 856 τοὺς
585 783 763 864 πολεμίους
790 777 882 862 ήξειν
908 780 956 854 είς
981 779 1045 862 τήν
1072 781 1180 858 πόλιν,

169 891 275 965 άλλως
304 885 333 954 δ’
358 889 408 954 οὔ.
452 896 572 953 τοῦτον
596 888 779 971 ὀμόσαντος
800 895 861 950 τοῦ
886 887 1100 969 Φλαβοληίου
1122 884 1179 946 τὸν

169 997 270 1081 ὅρκον
297 997 401 1071 πολὺς
424 992 457 1071 έξ
481 992 636 1058 ἁπάντων
659 995 794 1070 ἔπαινος
817 990 958 1074 ἐγένετο·
986 988 1042 1054 καὶ
1065 989 1180 1054 αὐτίκα

169 1103 203 1166 οἵ
223 1124 257 1164 τε
280 1100 400 1165 ὕπατοι
422 1098 603 1183 ἀμφότεροι
623 1099 745 1164 ταύτὸν
764 1099 873 1184 ἔδρων
890 1095 946 1162 καὶ
965 1097 1001 1162 οί
1014 1097 1073 1172 τάς
1091 1094 1180 1160 ἐλάτ-

168 1229 245 1281 τους
268 1207 398 1290 έχοντες
420 1208 615 1291 στρατηγίας
637 1208 806 1290 χιλίαρχοί
824 1227 858 1268 τε
882 1200 937 1268 καὶ
960 1204 1109 1288 λοχαγοί,
1131 1217 1238 1267 τε-ιιοε

130 1293 316 1405 ,ὗολευτῶσα
345 1308 375 1375 δ’
401 1311 422 1394 ἡ
445 1313 586 1395 πληθύς.
631 1309 702 1376 ἐπεὶ
724 1307 763 1376 δὲ
784 1305 872 1376 τοῦτ’
901 1307 1048 1391 ἐγένετο,
1074 1305 1179 1388 πολλὴ

170 1413 231 1501 μὲν
259 1417 404 1501 εὐθυμία
432 1427 534 1482 πᾶσιν
557 1415 705 1500 ἐνέπεσε,
732 1416 837 1499 πολλή
862 1412 899 1480 δὲ
921 1418 1060 1499 φιλότης
1082 1412 1180 1494 ἀλλή-

169 1528 253 1606 λων,
280 1525 409 1610 θάρσος
430 1520 458 1588 τ’
482 1518 524 1588 αὖ
547 1520 602 1588 καὶ
625 1521 735 1606 μένος·
763 1519 819 1588 καὶ
842 1521 1043 1597 ἀπελθόντες
1066 1519 1102 1584 ἐκ
1125 1527 1180 1600 τῆς

169 1629 355 1713 ἐκκλησίας,
387 1632 424 1695 οί
447 1626 508 1713 μὲν
535 1630 646 1705 ἵπποις
672 1632 829 1714 χαλινοὺς
857 1625 1053 1712 ἐνέβαλλον,
1082 1627 1119 1691 οἱ
1145 1621 1180 1689 δὲ

169 1733 246 1818 ξίφη
273 1733 328 1799 καὶ
355 1738 474 1819 λόγχας
502 1737 642 1818 ἔθηγον,
674 1735 710 1799 οί
735 1730 772 1798 δὲ
797 1734 838 1797 τά
866 1735 1087 1815 σκεπαστήρια
1113 1741 1179 1795 τῶν

130 1859 155 1900 ιι
170 1839 282 1904 ὅπλων
305 1839 493 1924 ἐξέματτον·
516 1839 571 1905 καὶ
594 1841 710 1923 ὀλίγον
732 1849 821 1904 πᾶσα
843 1835 886 1922 ήν
909 1838 1038 1924 ἕτοιμος
1056 1839 1105 1914 είς
1122 1839 1179 1902 τὸν

133 1944 281 2028 6ἀγῶνα
303 1945 324 2028 ἡ
348 1947 491 2031 στρατιά.
537 1948 575 2011 οί
594 1944 624 2011 δ’
647 1946 767 2011 ὕπατοι
789 1948 866 2021 τοὺς
888 1935 1126 2029 θεοὺςεύγαϊς
1147 1965 1179 2006 τε

168 2050 223 2116 καὶ
241 2055 377 2130 θυσίαις
394 2051 448 2117 καὶ
467 2057 571 2128 λιταῖς
589 2050 861 2136 ἐπικαλεσάμενοι
879 2059 936 2134 τής
952 2049 1071 2128 ἐξόδου
1085 2052 1179 2133 σφίσι

167 2157 326 2242 γενέσθαι
352 2158 530 2242 ἡγεμόνας,
561 2157 679 2241 ἐξῆγον
708 2157 744 2223 ἐκ
770 2168 831 2223 τοῦ
857 2157 1000 2242 χάρακος
1027 2155 1065 2220 έν
1091 2155 1179 2234 τάξει

168 2263 222 2329 καὶ
249 2269 361 2353 κόσμιμ
389 2267 447 2330 τὸν
475 2267 625 2350 στρατόν.
670 2262 726 2328 καὶ
754 2266 789 2330 οί
814 2259 981 2347 Τυρρηνοὶ
1008 2265 1180 2338 κατιόντας

129 2389 154 2428 εν
169 2371 290 2447 αὐτοὺς
320 2370 355 2436 ἐκ
384 2382 451 2436 τῶν
480 2369 652 2456 ἐρυμάτων
682 2372 810 2447 ίδόντες
840 2368 1035 2452 ἐθαύμασάν
1062 2391 1097 2432 τε
1125 2364 1180 2432 καὶ

168 2473 407 2562 ἀντεπεξῄεσαν
430 2475 539 2561 ἀπάση
561 2484 600 2560 πή
625 2476 773 2560 δυνάμει.

232 2582 289 2646 XI.
315 2580 370 2658 Ὡς
388 2579 418 2646 δ’
437 2584 484 2659 είς
501 2583 538 2646 τὸ
558 2584 674 2646 πεδίον
693 2580 873 2665 ἀμφότεροι
891 2578 1106 2662 κατέστησαν,
1125 2577 1181 2643 καὶ

166 2689 203 2750 τὸ
217 2690 396 2770 πολεμικὸν
411 2686 580 2771 ἐσήμηναν
593 2689 631 2752 αί
641 2688 829 2770 σάλπιγγες,
846 2688 945 2750 ἔθεον
960 2683 1182 2762 ἀλαλάξαντες

167 2789 279 2872 ὁμόσε·
314 2790 369 2854 καὶ
397 2796 618 2874 συμπεσόντες
646 2791 801 2876 ἀλλήλοις
828 2793 936 2868 ίππεῖς
964 2791 1097 2855 ίππεῦσι
1125 2792 1181 2855 καὶ

238 3013 427 3084 θάμάρτοιτε
446 3033 469 3070 ο.
489 3017 578 3071 Cobet
597 3016 662 3071 Obs.
681 3036 708 3086 p.
730 3026 781 3073 174
871 3019 911 3071 *2
931 3018 961 3070 ολ
980 3023 996 3071 8
1015 3017 1046 3070 τὸ
1066 3016 1179 3070 αίιτδΟ

167 3085 274 3140 correxi
346 3085 527 3156 4κάρτιστον
547 3106 569 3142 ο.
589 3087 691 3142 Reiske
760 3095 793 3143 12
811 3087 960 3157 θράσοςΒ
1031 3093 1063 3141 13
1085 3085 1180 3148 ίππεῖς

166 3157 216 3212 Ac
237 3161 242 3226 Ι
266 3152 414 3229 ἐνέβαλλον
432 3158 480 3211 Bb
499 3153 632 3230 ἐνέβαλον
651 3161 675 3213 R
748 3165 780 3213 15
800 3155 840 3213 δι’
861 3158 955 3228 ὀλίγον
973 3157 996 3210 Α
1073 3165 1104 3212 17
1125 3161 1180 3211 θυ-

167 3231 240 3291 σίαις
258 3228 306 3282 καλ
325 3232 352 3281 λι
370 3246 423 3284 om.
438 3227 485 3282 Ba
502 3229 551 3283 καὶ
569 3234 656 3292 λιταῖς
675 3247 728 3286 om.
743 3228 768 3283 A
786 3231 835 3284 καὶ
853 3231 969 3290 θυσίαις
986 3229 1108 3283 fortasse
1124 3228 1179 3282 del.

167 3317 190 3353 ο.
206 3299 355 3370 Kiessling‚
375 3300 425 3354 sed
443 3299 476 3355 cf.
492 3300 531 3353 IX
551 3307 591 3369 15,
610 3307 626 3354 3
699 3307 733 3355 20
753 3296 857 3356 ἐκτῶν
876 3315 964 3368 usque
983 3298 1105 3368 δυνάμει
1124 3316 1178 3353 om.

166 3369 191 3422 A
210 3371 273 3424 add.
292 3370 371 3440 Amg
390 3388 474 3440 supra
492 3370 540 3426 lin.
600 3378 633 3425 21
654 3372 824 3440 ἀντεξηεοαν
842 3372 889 3424 Ba
907 3391 943 3426 επ
962 3386 1047 3438 ευριπ
1066 3369 1117 3425 lin.
1131 3370 1179 3423 Bb

166 3445 202 3490 24
221 3438 314 3502 ἱππεῖς
331 3461 361 3495 τε
380 3439 496 3496 ίππεῦοι
514 3442 537 3495 Β
