2484 3876
493 233 661 282 -Η-
1022 228 1083 294 181

92 387 158 458 οὐδὲ
187 391 315 470 τούτοις
346 392 470 458 ἔδωκεν
497 393 517 460 ὁ
543 391 698 478 Μάρκιος
725 391 901 478 ἀπόκρισιν
926 387 1011 478 ὑπὲρ
1038 386 1087 458 ὧν

90 497 207 581 ἠξίουν,
237 495 309 564 ἀλλ’
344 497 366 583 ή
398 499 438 565 τὰ
472 500 673 583 κελευόμενα
703 509 812 564 ποιεῖν
843 500 1087 583 συνεβούλευεν

91 603 246 689 ἀπιόντας,
269 605 302 670 εί
321 603 485 672 θέλουσιν
507 606 646 691 είρήνην
668 605 779 688 ἄγειν,
801 603 822 690 ή
844 602 1088 692 προσδέχεσθαι

88 711 137 776 τὸν
159 713 305 796 πόλεμον
332 710 454 795 ήξοντα
480 713 565 798 πρὸς
590 710 652 795 τήν
678 713 795 795 πόλιν,
821 709 877 777 καί
903 713 941 777 τὸ
968 713 1087 778 λοιπὸν

88 816 188 882 ἀπεῖπε
215 818 261 902 μή
292 818 507 902 διαλέγεσθαι
534 819 618 903 πρὸς
644 817 757 884 αὐτόν.
802 817 848 895 ὡς
874 813 912 882 δέ
934 816 990 884 καί
1010 801 1128 916 ταῦ-9,)5

88 946 134 1006 της
158 922 322 1010 ἀπέτυχον
349 933 408 1008 τῆς
433 927 550 1010 πείρας
577 924 613 990 οί
633 920 804 1009 Ῥωμαίοι,
834 933 944 990 πᾶσαν
971 922 1089 989 έλπίδα

88 1029 250 1115 διαλλαγῆς
274 1030 479 1115 ἀπογνόντες
500 1031 546 1108 ὡς
567 1034 866 1116 πολιορκησόμενοι
887 1029 1089 1116 παρεσκευά-

88 1137 166 1212 ζοντο
188 1140 268 1215 τοὺς
291 1134 354 1223 μὲν
376 1137 616 1224 ἀκμαιοτάτους
637 1137 703 1204 ὑπὸ
725 1146 766 1224 τη
789 1137 904 1228 τάφρῳ
922 1134 979 1204 καὶ
1000 1137 1089 1223 παρὰ

86 1253 145 1319 ταῖς
167 1245 290 1323 πύλαις
317 1243 489 1330 τάξαντες,
515 1247 595 1321 τοὺς
622 1241 652 1309 δ’
679 1242 878 1330 ἀφειμένους
904 1245 968 1329 ήδη
992 1260 1089 1330 στρα-

43 1350 169 1431 ταμείας,
188 1341 239 1427 οἷς
259 1352 309 1416 ἔτι
327 1351 368 1415 τὰ
386 1353 520 1437 σώματα
540 1351 636 1417 ίκανδ
653 1345 698 1435 ήυ
715 1357 932 1435 κακοπαθεῖν,
950 1348 1003 1416 ἐπὶ
1021 1361 1090 1426 τοῖς
1104 1371 1129 1410 10

86 1457 219 1541 τείχεσιν.

142 1562 341 1630 XXXVIIII.
374 1564 423 1628 Ac
443 1561 480 1629 δὲ
498 1574 653 1648 γυναῖκες
672 1563 793 1648 αὐτῶν,
815 1563 860 1641 ὡς
878 1559 977 1646 ἐγγὺς
995 1561 1091 1638 ὄντος

86 1666 138 1751 ήδη
159 1678 218 1734 τοῦ
243 1671 371 1755 δεινοῦ,
394 1675 632 1736 καταλιποῦσαι
659 1679 719 1754 τῆς
742 1674 828 1735 οίκοι
849 1677 954 1753 μονῆς
976 1669 1014 1733 τὸ
1037 1667 1090 1732 εὐ-

87 1771 191 1858 πρεπὲς
217 1779 321 1842 ἔθεον
349 1774 402 1842 ἐπὶ
429 1777 469 1842 τδ
498 1775 617 1862 τεμένη
640 1787 707 1842 τῶν
730 1782 821 1842 θεῶν
844 1775 1094 1861 ὀλοφυρόμεναί

87 1878 183 1945 τεκαὶ
205 1885 469 1969 προκυλιόμεναι
496 1893 563 1950 τῶν
591 1881 734 1961 ξοιίνων·
763 1879 819 1948 καὶ
845 1877 889 1966 ήυ
915 1882 1001 1959 ἅπας
1028 1876 1089 1965 μὲν
1105 1899 1129 1942 ω

90 1983 163 2070 ίερδς
186 1991 291 2066 τόπος
317 1991 464 2074 οἰμωγῆς
489 2013 525 2054 τε
556 1987 611 2054 καὶ
640 1989 779 2065 ίκετείας
810 1998 980 2072 γυναικῶν
1011 1986 1091 2052 ἀνά-

88 2094 193 2177 πλεως,
225 2094 369 2180 μάλιστα
396 2089 434 2158 δέ
466 2095 504 2159 τὸ
536 2103 597 2160 τοῦ
629 2096 845 2160 Καπετωλίου
873 2094 957 2168 Διὸς
988 2092 1090 2178 ίερόν.

89 2195 159 2262 ἔνθα
185 2202 227 2284 δή
256 2221 307 2277 τις
333 2200 444 2266 αὐτῶν
466 2197 557 2285 μένει
580 2223 614 2266 τε
637 2197 692 2265 καὶ
715 2198 873 2283 ἀξιώματι
895 2197 1124 2282 προῦχονσα2

90 2299 133 2367 καὶ
157 2304 285 2388 ήλικίας
313 2305 350 2372 έν
377 2314 423 2395 τῷ
449 2310 613 2395 κρατίστη)
640 2302 709 2373 τότ’
738 2300 822 2371 οὖσα
844 2300 900 2370 καὶ
922 2310 1089 2388 φρονήσαι

90 2407 120 2471 τδ
135 2409 252 2479 δέοντα
272 2413 467 2498 ίκαυωττίτη,
492 2411 658 2499 Οὐαλερία
676 2408 736 2496 μὲν
755 2413 872 2494 ὄνομα,
895 2410 1089 2474 Ποπλικόλα
1103 2432 1129 2473 το

92 2509 121 2578 δὲ
136 2527 192 2585 τοῦ
209 2521 566 2603 συνελευθερώσαντος
580 2517 644 2584 ἀπὸ
658 2529 725 2584 τῶν
738 2514 902 2602 βασιλέων
916 2516 977 2599 τήν
990 2516 1089 2580 πόλιν

91 2617 220 2710 ἀδελφή,
255 2628 338 2715 θείμ
373 2623 441 2692 τινί
473 2626 702 2712 παραστήματι
738 2629 912 2707 κινηθεῖσα
948 2617 1001 2687 έπδ
1033 2629 1090 2704 τῆς

92 2723 231 2798 ἀνωτάτω
259 2733 420 2819 κρηπῖδος
446 2735 523 2816 ἔστη
551 2740 612 2798 τοῦ
633 2731 699 2796 νεὼ
722 2727 778 2795 καὶ
799 2727 1089 2815 προσκαλεσαμένη

92 2832 138 2909 τίς
165 2838 266 2914 ἀλλας
297 2848 458 2922 μνναίκας
488 2849 621 2924 πρῶτον
652 2833 713 2920 μὲν
745 2838 1003 2923 παρεμυθήσατο
1035 2837 1090 2902 καί

92 2945 334 3032 παρεθάρρυνεν
362 2942 501 3022 ἀξιοῦσα
530 2943 574 3027 μή
603 2947 874 3027 καταπεπλῆχθαι
901 2945 938 3009 τὸ
963 2943 1089 3009 δεινόν·
1103 2967 1129 3008 25
1231 2953 1232 2956 ’

94 3043 187 3114 ἔπειτα
208 3049 369 3136 ὑπέσχετο
388 3054 468 3135 μίαν
489 3045 575 3115 εἶναι
599 3052 760 3135 σωτηρίας
784 3049 901 3114 ἐλπίδα
923 3058 962 3134 τῇ
985 3051 1090 3130 πόλει,

49 3153 199 3238 Ιίοιταύτην
223 3153 252 3222 δ’
277 3153 314 3221 ἐν
338 3156 453 3233 αὐταῖς
473 3150 559 3222 είναι
577 3158 695 3238 μόναις
717 3152 1008 3240 καταλειπομένην,
1032 3150 1090 3217 ἐὰν

154 3422 223 3488 ῦμη
244 3417 360 3473 ....Β
451 3418 541 3473 ehu&
560 3425 593 3488 τῇ
612 3418 711 3492 τάφρῳ
730 3417 753 3472 0
775 3411 823 3471 έπί
839 3435 862 3471 τ.
882 3435 904 3468 τ.
924 3429 947 3468 ο.
967 3413 1090 3471 θὶοδεηὶε

96 3478 144 3538 Em.
161 3487 239 3546 Dion.
258 3490 347 3544 11115
366 3488 421 3560 πρὸ
440 3496 489 3558 τῆς
506 3487 617 3560 τάφρου
630 3489 705 3544 Prou
780 3495 812 3542 13
831 3486 1050 3542 καταλείπουσαι
1067 3487 1090 3540 Β
