2538 3884
545 219 713 271 -Θ-
1070 217 1136 282 387

120 374 222 446 ούδδν
244 375 336 464 ύγιδς
357 375 622 465 φρονοῦντες-
641 380 794 464 φυλακήν
818 376 933 465 ἑτέραν
955 376 1092 466 πέμψαι,
1115 379 1136 463 ἣ

120 487 235 570 ἐμελλε
259 483 303 550 δι’
325 485 507 571 ἀσφαλείας
525 483 610 564 ἕξειν
628 486 690 570 τήν
708 488 822 551 πόλιν·
846 482 899 550 ἐπὶ
918 482 949 550 δ’
967 488 1137 564 Αἰκανούς

120 592 216 675 άγειν
238 592 299 676 τήν
323 593 480 678 στρατιάν
503 593 562 658 τὸν
586 591 700 678 ἕτερον
722 603 790 657 τῶν
813 591 948 656 ὑπάτων
968 593 1136 678 Σερούιον

122 698 287 784 Φούριον·
318 696 374 763 καὶ
398 697 525 782 ἐγίνετο
547 709 660 784 ταχεῖα
683 697 810 784 ἀμφοῖν
832 698 853 782 ἡ
878 696 999 776 ἐξοδος.
1045 699 1081 764 oc
1102 695 1172 764 δ’4

119 801 262 868 Αἰκανοὶ
294 806 459 888 μαθόντες
489 803 730 889 ἐξεληλυθυῖαν
756 805 818 889 τήν
840 801 1010 888 Ῥωμαίων
1038 821 1136 889 στρα-
1164 825 1177 866 ε

119 908 204 993 τιάν,
225 909 425 988 ἀναστάντες
443 909 479 976 ἐκ
491 918 549 994 τῆς
557 907 720 996 Ἑρνίκων
735 908 884 996 ἐχώρουν
899 909 1011 987 αὐτοῖς
1026 910 1136 994 ὁμόσε.

119 1013 191 1081 ἐπεὶ
219 1013 249 1080 δ’
276 1011 369 1082 εἶδον
397 1015 575 1101 ἀλλήλους,
605 1015 737 1100 ἐκείνην
765 1013 826 1100 μὲν
854 1016 915 1100 τήν
942 1013 1069 1100 ἡμέραν
1095 1015 1137 1081 ού

118 1124 206 1188 πολὺ
235 1122 426 1200 διαστάντες
453 1119 834 1208 κατεστρατοπέδευσαν,
860 1130 900 1208 τῆ
929 1119 959 1187 δ’
986 1119 1059 1206 ἑξῆς
1084 1120 1137 1188 ἐστὶ

119 1230 179 1294 τὸν
201 1228 327 1314 χάρακα
349 1239 417 1295 τών
434 1227 605 1314 Ῥωμαίων
627 1230 663 1296 ολ
683 1226 834 1315 πολέμιοι
856 1224 939 1313 ἧκον
963 1228 1136 1315 διάπειραν

120 1334 230 1400 αὐτῶν
253 1343 310 1419 τῆς
331 1337 466 1421 γνώμης
488 1339 679 1421 ληψόμενοι.
717 1335 762 1413 ώς
785 1332 816 1401 δ’
842 1334 904 1401 οὐκ
927 1332 1065 1423 ἐξῄεσαν
1088 1318 1176 1431 είς150
1249 1319 1262 1372 ¹'

48 1440 240 1526 ιεειμάχην,
263 1440 518 1528 ἀκροβολισμοῖς
539 1443 741 1528 χρησάμενοι
766 1439 821 1508 καλ
839 1437 941 1508 οὐδὲν
959 1441 1136 1525 ἀξιόλογον

120 1546 301 1632 δράσαντες
327 1550 392 1613 σὺν
420 1546 551 1636 μεγάλφ
579 1545 742 1632 αὐχήματι
770 1546 932 1631 ἀπῆλθον.
979 1548 996 1614 ό
1021 1544 1135 1631 μέντοι

113 1649 283 1736 Ῥωμαίων
304 1652 428 1730 ύπατος
451 1651 595 1718 ἐκλιπών
616 1655 675 1719 τὸν
698 1651 827 1738 χάρακα
849 1659 888 1738 τῆ
912 1652 1064 1738 έπιούση·
1095 1653 1133 1718 τὸ

118 1759 182 1844 γάρ
206 1761 329 1845 χωρίον
351 1760 393 1826 ού
415 1762 492 1825 λίαν
510 1755 657 1844 ἀσφαλές
673 1753 730 1843 ῆν·
755 1760 1135 1846 μετεστρατοπεδεύσατο

120 1863 157 1930 ἐν
180 1862 440 1955 έπιτηδειοτέρφ,
464 1867 549 1931 ἔνθα
571 1865 699 1951 τάφρου
723 1863 751 1931 τ’
775 1864 923 1950 ὠρύξατο
942 1860 1134 1950 βαθυτέραν
1149 1887 1174 1928 ιε

118 1969 174 2036 καὶ
205 1973 331 2058 χάρακα
363 1970 498 2056 έβάλετο
529 1971 746 2058 ὑψηλότερον.
797 1983 866 2048 τοῖς
898 1968 935 2037 δὲ
966 1973 1137 2053 πολεμίοις

118 2075 217 2143 ταῦθ’
246 2078 349 2163 δρῶσι
375 2080 461 2143 πολὺ
489 2077 617 2162 θράσος
638 2075 872 2162 προσεγένετο·
905 2073 960 2141 καί
983 2077 1031 2140 ἔτι
1053 2079 1135 2159 μάλ·

120 2187 197 2265 λου,
227 2179 339 2265 ἐπειδή
370 2180 540 2266 σύμμαχος
567 2181 680 2258 αύτοϊς
709 2180 848 2266 ἀφίκετο
879 2181 1015 2267 στρατιά
1045 2180 1134 2267 παρὰ

118 2295 181 2353 τοῦ
210 2286 433 2352 Οὐολούσκων
461 2309 496 2351 τε
526 2283 581 2351 καὶ
604 2288 763 2351 Αἰκανῶν
791 2287 928 2371 ἔθνους,
958 2281 1059 2351 οὐδὲν
1087 2287 1135 2351 ἐτι

120 2395 397 2479 διαμελλήσαντες
420 2391 543 2476 ἐπῆγον
564 2400 611 2482 τῷ
628 2390 797 2476 Ῥωμαίων
820 2391 947 2477 χάρακι.
1145 2416 1173 2456 εο

186 2498 306 2566 LXIII.
336 2496 372 2562 Ὁ
396 2496 425 2562 δ’
452 2497 576 2584 ύπατος
599 2495 864 2583 ἐνθυμούμενος,
887 2497 938 2564 ὅτι
961 2498 1023 2563 οὐκ
1046 2496 1135 2576 ἀξιό-

120 2629 222 2691 μαχος
253 2607 344 2671 ἔσται
375 2604 396 2688 ἡ
424 2608 489 2671 σὺν
516 2604 605 2692 αὐτῷ
631 2605 772 2688 δύναμις
800 2603 1024 2688 ἀγωνιζομένη
1051 2607 1135 2691 πρὸς

121 2711 289 2798 ἀμφότερα
312 2712 351 2778 τά
374 2714 470 2797 ἔθνη,
492 2709 610 2797 πέμπει
632 2711 725 2787 τινὰς
744 2709 866 2776 ἐκτῶν
885 2707 1010 2777 ι’ππέων
1030 2711 1134 2797 γράμ

120 2841 205 2903 ματα
230 2820 275 2896 είς
297 2819 358 2903 τήν
376 2815 502 2902 Ῥώμην
524 2819 729 2901 κομίζοντας,
753 2812 796 2882 δι’
821 2811 868 2882 ὧν
886 2815 981 2901 ήξίου
1000 2827 1133 2902 ταχείαν

119 2923 232 3000 αὐτοῖς
255 2922 368 2989 ἐλθεῖν
391 2923 595 3010 ἐπικουρίαν,
618 2923 663 3000 ώς
680 2924 944 3008 κινδυνευούσης
963 2923 1041 3007 ὅλης
1059 2924 1131 2988 δια·
1146 2939 1172 2980 2⁶
1210 2939 1221 2966 ‘

116 3033 292 3121 φθαρῆναι
314 3038 372 3114 τῆς
395 3033 458 3096 σύν
481 3028 570 3117 αύτῷ
590 3037 754 3115 στρατιᾶς.
790 3027 880 3096 ταῦτ’
902 3027 1167 3112 ἐπιλεξάμενος2

191 3261 209 3308 4
232 3255 370 3326 φρούριον
387 3255 440 3309 ΑΒ
544 3263 560 3312 6
584 3251 624 3317 είς
641 3254 693 3324 τὴν
712 3252 849 3327 Ἑρνίκων
868 3255 891 3309 Ο
912 3271 982 3310 corr.
1002 3253 1133 3310 Gelenius

122 3331 138 3381 ⁷
161 3324 302 3397 ὤφθησάν
320 3344 350 3381 τε
369 3326 417 3380 καί
436 3323 514 3382 εἶδον
533 3343 555 3382 ο.
575 3325 737 3381 dubitanter
756 3325 877 3382 Kiesslin
973 3331 1005 3380 19
1030 3321 1134 3388 ἐθνους

192 3397 317 3452 ούδένΒ
403 3404 437 3452 20
461 3395 678 3468 διαμελήσαντες
696 3396 743 3452 Bb
824 3402 859 3451 22
880 3343 954 3452 ἐστιν
972 3397 1018 3450 Ba
1098 3401 1133 3451 26

121 3463 320 3540 ἐπιδεξάμενος
337 3468 362 3520 Α

920 3556 972 3611 26⁹
