2538 3884
140 223 206 288 342
565 225 733 279 -Θ-

138 394 199 469 γης
226 383 295 452 οὔτ’
323 385 466 473 ἀγχόνης
493 387 569 453 οὔτε
596 388 774 474 φαρμάκου
803 384 872 455 οὔτ’
900 390 1005 454 άλλου
1032 399 1094 452 τών
1120 385 1160 466 ἐξ

139 491 317 578 ἐπιβουλῆς
334 493 494 559 θανάτων
513 493 661 571 οὐδενός.
692 495 737 572 ώς
756 492 785 560 δ’
805 494 961 579 ἐγνώσθη
980 497 1017 560 τὸ
1035 495 1161 578 πάθος,

138 596 194 664 καὶ
216 597 409 686 προηνέχθη
433 603 470 666 τὸ
494 611 589 685 σῶμα
612 602 659 677 είς
681 602 743 683 την
765 601 904 687 ἀγοράν,
927 602 1103 684 δαιμόνιόν
1121 623 1159 665 τι

137 706 314 782 κωλύσεως
337 707 533 792 συγκύρημα
556 704 671 784 ἔδοξεν
693 702 792 791 εἶναι,
814 704 870 772 καὶ
894 706 1011 772 αὐτίκα
1034 706 1055 790 η
1079 707 1236 790 δίαη1848

103 798 319 913 ξἓδιελέλυτο.
365 823 432 877 τῶν
460 813 524 899 γάρ
553 813 665 878 άλλων
692 810 805 889 οὐδεὶς
832 811 953 896 ἐτόλμα
976 813 1159 899 δημάρχων

138 915 317 983 ἀνακαλεῖν
339 918 401 1001 την
425 918 553 1003 στάσιν,
576 915 739 985 ἀλλὰκαὶ
762 926 822 983 τοῦ
841 921 1005 984 Γενυκίου
1029 921 1160 1002 κατεγί-

137 1039 270 1089 νωσκον
296 1025 425 1106 πολλὴν
453 1027 585 1109 μανίαν.
631 1019 744 1108 εἰμὲν
768 1017 831 1089 οὖν
854 1020 960 1109 μηδὲν
983 1027 1033 1090 ἔτι
1055 1030 1159 1092 πολυ-

136 1138 407 1216 πραγμονοῦντες
430 1132 467 1197 οί
485 1131 605 1198 όπατοι
629 1129 835 1213 διετέλεσαν,
857 1125 930 1197 ἀλλ’
956 1130 1092 1216 ἀφῆκαν
1116 1131 1160 1208 ώς

138 1236 156 1302 ὁ
185 1237 315 1320 δαίμων
338 1236 492 1322 ἐκοίμησε
514 1240 577 1321 τὴν
600 1237 733 1321 στάσιν,
760 1235 873 1314 οὐδεὶς
896 1236 938 1302 άν
962 1238 1086 1314 αὐτοὺς
1108 1240 1156 1302 ἔτι

97 1367 124 1407 το
137 1340 296 1428 κατέλαβε
319 1345 489 1428 κίνδυνος,
512 1353 576 1410 νῦν
596 1340 627 1408 δ’
646 1345 693 1420 είς
711 1343 898 1409 αὐθάδειαν
914 1341 971 1409 καὶ
989 1346 1156 1428 καταφρό-

136 1466 236 1536 νησιν
268 1461 329 1518 τοῦ
361 1452 544 1536 δημοτικοῦ
575 1453 776 1536 τραπόμενοι
808 1447 864 1528 καὶ
895 1451 933 1516 τὸ
965 1459 1023 1534 τῆς
1053 1450 1160 1535 ἀρχῆς

136 1556 272 1642 κράτος,
294 1557 375 1624 ὅσον
399 1556 508 1641 ἐστίν,
531 1555 691 1634 ἐπιδείξαι
712 1559 923 1641 βουλόμενοι,
945 1556 1030 1622 κακδ
1054 1555 1160 1642 ἐξειρ-

137 1663 283 1746 γάσαντο
302 1664 435 1749 μεγάλα.
466 1661 649 1748 προθέντες
666 1665 730 1750 γάρ
750 1665 990 1749 στρατολογίαν
1003 1659 1160 1739 καὶτοὺς

137 1769 198 1853 οὐχ
226 1769 457 1847 ὑπακούοντας
483 1781 555 1848 ταῖς
581 1767 610 1834 τ’
636 1771 753 1846 άλλαις
782 1771 909 1853 ζημίαις
936 1766 991 1834 καὶ
1013 1773 1160 1852 πληγαῖς
1253 1813 1256 1820 »

97 1896 123 1936 15
137 1873 273 1960 ῥάβδων
295 1876 621 1959 προσαναγκάζοντες
644 1877 692 1953 εἰς
714 1874 876 1941 άπόνοιαν
899 1873 1060 1960 ἐποίησαν
1078 1899 1160 1960 τρα-

136 1977 259 2046 πέσθαι
281 1990 341 2047 τοῦ
365 1982 545 2066 δημοτικοῦ
568 1985 606 2048 τὸ
628 1980 743 2066 πλέον,
764 1981 830 2048 άπὸ
848 1982 1003 2066 Ιτοιαύτης
1020 1978 1152 2066 μάλιστ’

136 2088 251 2164 αἰτίας.
1009 2117 1012 2122 ·

203 2191 405 2259 XXXVHII.
438 2191 537 2279 Ἀνηρ
561 2218 610 2271 τις
633 2193 669 2260 ἐκ
691 2205 758 2260 τών
782 2195 971 2278 δημοτικῶν
994 2195 1035 2258 τά
1058 2191 1159 2260 πολέ-

7 2340 9 2344 -
136 2323 196 2384 μια
225 2303 389 2386 λαμπρός,
419 2299 576 2385 Βολέρων
603 2303 769 2384 Πόπλιος,
798 2301 980 2385 ἡγεμονίαν
1010 2299 1159 2384 ἐσχηκὼς

97 2430 122 2469 ιο
137 2406 246 2488 λόχων
269 2402 306 2469 έν
328 2415 400 2481 ταῖς
417 2402 593 2491 προτέραις
612 2408 808 2489 στρατείαις,
830 2402 896 2470 τότ’
914 2402 989 2470 ἀντὶ
1008 2410 1158 2491 λοχαγοῦ

138 2512 337 2596 στρατιώτης
367 2512 449 2598 πρὸς
481 2511 591 2577 αὐτῶν
623 2511 856 2597 κατεγράφετο.
909 2512 953 2588 ώς
986 2507 1017 2576 δ’
1052 2512 1232 2595 ἠναν-1849

136 2625 248 2682 τιοῦτο
276 2615 332 2682 καὶ
355 2616 417 2683 οῦκ
440 2616 535 2701 ἠξίου
557 2619 670 2702 χώραν
693 2614 890 2703 ἀτιμοτέραν
914 2621 1030 2702 λαβεῖν
1053 2613 1159 2683 οὐδὲν

136 2721 331 2807 ἡμαρτηκὼς
358 2721 395 2788 έν
421 2734 492 2800 ταῖς
518 2722 693 2811 προτέραις
720 2726 920 2810 στρατείαις,
950 2723 1158 2810 δυσανασχε-

137 2837 271 2903 τοῦντες
299 2828 334 2892 οί
357 2827 477 2896 ῦπατοι
499 2831 560 2914 τὴν
582 2833 769 2917 παρρησίαν
792 2830 896 2896 αὐτοῦ
918 2841 987 2908 τοῖς
1004 2815 1158 2917 ’ῥαβδού-

97 2957 123 2999 τε
136 2917 209 3020 χοις
232 2931 408 2999 ἐκέλευσαν
430 2937 491 3018 τὴν
515 2934 641 3020 ἐσθῆτά
659 2958 694 3002 τε
713 2935 991 3022 περικαταρρῆξαι
1009 2935 1065 3002 καὶ
1083 2949 1157 3014 ταῖς

102 3040 277 3131 2ράβδοις
303 3041 341 3106 τὸ
369 3050 463 3125 σῶμα
490 3039 625 3119 ξαίνειν.
672 3041 690 3108 ὁ
719 3037 757 3106 δὲ
778 3045 914 3120 νεανίας
936 3044 1014 3120 τούς
1036 3065 1072 3107 τε
1095 3044 1156 3126 δη-

207 3277 224 3326 3
242 3265 424 3341 προσηνέχθη
444 3267 470 3320 Α
560 3274 576 3323 ό
596 3263 706 3324 ἐλέλυτο
725 3270 747 3323 Β
838 3277 854 3325 9
875 3264 998 3340 ἐκοίμισε
1021 3285 1044 3324 ο.
1064 3269 1156 3324 Cobet

137 3343 202 3398 Obs.
225 3362 253 3413 p.
274 3348 324 3397 180
417 3345 450 3394 16
474 3338 531 3393 ἀπὸ
548 3345 598 3410 ’τῆς
615 3340 747 3410 τοιαότης
768 3340 816 3394 Bb
907 3347 942 3396 20
965 3345 1085 3410 λοχαγοῦ
1104 3342 1155 3396 τὸν

137 3413 307 3482 στρατιώτην
325 3411 372 3466 Βιι
399 3415 421 3467 λ.
440 3410 490 3466 τὸν
509 3426 581 3467 eras.
601 3412 768 3481 στρατιώτης
785 3411 833 3466 Bb
943 3417 976 3466 23
996 3413 1156 3483 στρατείαις

137 3497 190 3538 om.
211 3485 233 3536 B
306 3487 340 3536 26
358 3500 388 3536 τε
408 3499 463 3537 om.
483 3483 505 3536 B
578 3487 612 3536 26
631 3481 783 3554 ξ<αι>νειν
802 3483 849 3538 Bb
