2484 3876
177 193 242 258 100
600 192 759 241 -z-

173 355 213 419 τά
236 354 358 440 εὔορκα
378 355 490 418 δοκεῖν
509 350 698 436 ἐγνωκέναι.
734 350 832 429 ἐάσας
851 353 893 435 δή
911 355 991 429 τοὺς
1009 352 1190 438 στεφάνους
1226 367 1227 444 χ

174 456 291 525 καὶτὰ
315 459 461 545 ἀριστεία
484 456 539 523 καὶ
561 460 602 523 τὰ
624 459 794 542 τραύματα
816 456 872 523 καὶ
894 459 957 542 τήν
975 460 1081 542 άλλην
1100 481 1190 543 τερα·
1226 479 1227 516 ῑ

174 568 265 630 τείαν
292 567 374 651 πρὸς
403 575 505 631 ταῦτα
533 563 623 648 λέγε,
656 558 681 628 ώ
709 564 855 649 Μάρκιε·
888 566 1103 650 παραδίδωμι
1130 566 1190 651 γάρ

174 673 238 754 ήδη
261 669 315 736 σοὶ
337 673 397 736 τὸν
420 674 531 753 λόγον.

147 801 161 842 ι
241 776 379 842 LXIIII.
411 780 516 842 Τοῖνιο
540 779 577 842 τὸ
599 777 812 860 κατηγόρημα
832 777 962 861 πολλήν
982 777 1117 863 ἐποίησε
1134 780 1191 861 τήν

177 882 230 949 ε’πὶ
260 885 386 968 θάτερα
417 882 610 966 μεταβολήν.
658 881 693 947 οί
717 877 777 965 μὲν
805 883 870 968 γὰρ
898 881 1138 969 ἐπιεικέστεροί
1160 907 1192 948 τε

176 987 231 1056 καὶ
258 989 498 1066 σπουδάζοντες
524 983 608 1068 ὑπὲρ
635 985 783 1071 ἀφέσεως
809 998 869 1053 τοῦ
897 987 1021 1075 ἀνδρὸς
1044 993 1192 1074 μαλακώ-

176 1118 265 1180 τεροι
297 1095 425 1160 τούτων
456 1092 655 1168 ἀκούσαντες
685 1090 858 1176 ἐγένοντο,
889 1095 927 1158 τὸ
961 1090 999 1160 δὲ
1030 1099 1192 1179 κακόηθες
1226 1127 1227 1136 ¹

177 1201 276 1282 άπαν,
300 1197 318 1262 δ
341 1209 402 1264 τοῦ
425 1200 533 1283 δήμου
551 1202 706 1264 πλεῖστον
724 1197 823 1282 μέρος
840 1194 895 1284 ήν,
919 1198 955 1266 ἐκ
972 1205 1099 1280 παντὸς
1117 1202 1191 1268 άπο-
1226 1229 1227 1290 3

139 1331 165 1372 ιο
180 1304 272 1370 λέσαι
304 1306 362 1370 τὸν
390 1305 497 1387 άνδρα
525 1306 633 1388 δήπου
661 1307 959 1391 προθυμούμενον,
992 1310 1040 1372 ἐτι
1069 1313 1192 1392 μᾶλλον
1226 1349 1227 1382 1

180 1414 228 1488 είς
259 1407 349 1476 ταῦτ’
381 1408 575 1495 ἐπερρώσθη
609 1411 751 1494 μεγάλης
782 1409 933 1496 ἀφορμής
964 1411 1021 1478 καὶ
1049 1423 1227 1524 φανεράςιιχ

144 1520 378 1603 θλαβόμενον.
422 1511 465 1600 ήν
488 1516 551 1599 γάρ
575 1514 704 1599 ἀληθής
725 1516 746 1600 ή
769 1528 836 1582 τῶν
854 1519 1015 1604 λαφύρων
1035 1509 1193 1603 διάδοσις,
1226 1529 1227 1598 3

183 1624 224 1690 οὐ
248 1625 314 1708 μήν
337 1621 373 1687 ἐκ
395 1620 618 1706 προαιρέσεώς
639 1645 677 1704 γε
700 1632 847 1706 πονηρᾶς
866 1621 922 1688 καὶ
941 1623 995 1689 ἐπὶ
1013 1635 1193 1710 κατασκευῇ

180 1729 393 1814 τυραννίδος,
420 1727 465 1804 ὡς
492 1728 509 1793 ὁ
534 1725 655 1803 Δέκιος
676 1722 802 1814 ήτιάτο,
824 1727 1005 1814 γενομένη,
1032 1729 1107 1798 ἀλλ’
1134 1733 1193 1798 άπὸ

140 1861 166 1902 ιε
180 1835 302 1910 παντὸς
334 1843 393 1898 τοῦ
426 1836 597 1917 βελτίστου
629 1830 684 1897 καὶ
717 1831 977 1918 ἐπανορθώσεως
1007 1835 1105 1904 ἕνεκα
1132 1850 1193 1904 τών

180 1943 385 2025 κατεχόντων
407 1940 447 2004 τά
470 1940 566 2005 κοινά
589 1950 708 2004 κακῶν.
745 1927 976 2019 στασιάζοντος
993 1945 1057 2026 γὰρ
1078 1947 1126 2010 ἔτι
1143 1943 1193 2009 καὶ

182 2048 390 2129 διεστηκότος
408 2044 472 2110 άπὸ
491 2055 558 2110 τῶν
576 2048 759 2132 πατρικίων
774 2056 834 2111 τοῦ
847 2049 1001 2130 πλήθους
1013 2054 1088 2115 τότε
1102 2074 1193 2116 κατα·
1226 2061 1227 2120 λ

181 2156 408 2242 φρονήσαντες
436 2152 471 2216 οί
495 2149 646 2235 πολέμιοι
669 2152 877 2237 καταδρομάς
898 2163 956 2235 τῆς
978 2156 1089 2240 χώρας
1111 2157 1193 2223 ἐποι-
1226 2163 1227 2212 λ

183 2270 283 2327 οῦντο
316 2255 371 2323 καὶ
403 2261 578 2340 λεηλασίας
610 2268 770 2342 συνεχεῖς·
807 2255 862 2322 καὶ
894 2259 992 2324 ὁπότε
1026 2262 1132 2341 δόξειε
1158 2272 1193 2348 τή
1226 2261 1227 2284 ¹

145 2395 172 2434 εο
185 2372 290 2452 βουλή
309 2365 370 2447 τήν
388 2364 606 2434 κωλύσουσαν
624 2372 726 2429 ταῦτα
745 2364 889 2446 δύναμιν
908 2363 1069 2452 ἐξελθεῖν,
1089 2366 1194 2444 οὐδεὶς

186 2469 272 2560 έξήει
296 2482 364 2536 τῶν
387 2471 556 2554 δημοτῶν,
579 2466 651 2534 ἀλλ’
677 2467 851 2556 ἐπέχαιρόν
873 2493 907 2534 τε
930 2469 986 2536 καὶ
1008 2477 1193 2559 περιεώρων
1226 2505 1227 2547 ς

184 2582 223 2644 τὰ
252 2579 424 2660 γινόμενα·
456 2575 477 2658 ἡ
506 2571 543 2640 δὲ
570 2587 637 2641 τῶν
664 2579 846 2659 πατρικίων
873 2574 944 2660 χείρ
968 2578 1029 2642 οὐκ
1051 2575 1095 2663 ήν
1116 2577 1190 2645 καθ’
1226 2647 1227 2666 3

150 2683 305 2767 Βὲαυτήν
333 2681 516 2765 ἀξιόμαχος.
561 2691 660 2747 τούτο
686 2683 890 2765 καταμαθὼν
917 2683 936 2748 ὁ
959 2685 1112 2771 Μάρκιος
1138 2687 1193 2750 ὑπ·
1226 2703 1227 2772 J

186 2789 298 2874 ε’σχετο
326 2798 395 2862 τοῖς
421 2787 575 2869 ὑπάτοις,
605 2786 663 2851 ἐάν
687 2786 906 2870 ἐπιτρέψωσιν
930 2789 1018 2877 αὐτῷ
1042 2793 1102 2875 τήν
1124 2791 1194 2874 ήγε-

147 2920 172 2960 νε
187 2897 323 2980 μονίαν,
353 2893 509 2976 στρατιάν
538 2891 629 2970 άξειν
657 2890 811 2959 ἑκούσιον
839 2893 891 2960 ἐπὶ
919 2898 997 2972 τοὺς
1023 2901 1194 2981 πολεμίους
1226 2908 1227 2924 ’

187 2999 242 3065 καὶ
270 3002 367 3082 δίκην
394 3000 560 3082 λήψεσθαι
587 2995 675 3084 παρ’·
690 2998 800 3065 αὐτῶν
823 3000 860 3066 ἐν
883 3002 982 3087 τάχει.
1028 3005 1139 3089 λαβὼν
1160 2997 1193 3066 δὲ

187 3107 248 3190 τήν
277 3105 430 3184 ἐξουσίαν
454 3106 627 3171 συνεκάλει
649 3107 727 3182 τούς
749 3130 784 3171 τε
807 3107 948 3185 πελάτας
969 3109 1024 3176 καὶ
1046 3113 1122 3186 τοὺς
1144 3111 1193 3193 φί-
1226 3109 1227 3190 ζ

261 3298 349 3353 4τδν
368 3297 451 3366 λόγον
469 3306 568 3352 τούτου
586 3305 668 3352 τοῦτο
686 3297 718 3351 τὸ
741 3297 790 3352 Ac
863 3305 897 3353 14
920 3298 1093 3371 γινομένηΒ
1162 3303 1227 3351 λλ

190 3369 260 3436 αότὴ
279 3365 349 3422 καθ’
363 3363 466 3436 ἑαυτήν
478 3367 622 3438 Kiessling
676 3374 709 3422 25
729 3367 942 3442 στρατ<ι>ανΒ
957 3373 986 3426 σε
1000 3387 1084 3440 saepe
1100 3373 1105 3440 Ι
1120 3369 1192 3435 ἄξειν

191 3436 213 3490 Ο
233 3433 343 3508 ἐξάγειν
362 3442 392 3507 (1)
410 3437 553 3508 Kiessling
574 3445 577 3506 Ι
598 3437 736 3509 πολέμους
752 3439 778 3493 Α
