2496 3878
150 203 194 266 ει
574 205 736 252 -z-

55 444 56 448 χ
153 376 245 430 σῖτον
268 363 401 449 άπορία,
424 363 536 448 ἐπειδὴ
560 364 620 446 την
644 362 840 449 ἐλευθερίαν
858 359 1009 427 ἀκόντων
1028 359 1166 426 ἐκείνων
1240 367 1241 436 λ

115 471 170 538 4ὁ
195 472 298 555 δῆμος
316 470 352 536 ἐκ
370 480 427 555 τῆς
445 469 656 547 ἀποστάσεως
674 468 798 552 εὕρετο.
835 470 1019 554 ἰσομοιρεῖν
1037 462 1065 532 τ’
1086 463 1166 532 οὐδὲ
1240 461 1241 532 J

152 578 232 642 κατὰ
251 579 371 664 μικρὸν
390 573 574 662 ἀπέφαινον
592 585 650 660 τῆς
668 583 841 661 συμφοράς
864 585 933 651 τοῖς
950 579 1070 658 πένησι
1087 576 1167 648 τοὺς
1240 599 1241 630 ι

152 683 326 770 εὐπόρους·
345 682 485 760 ἐκείνοις
503 679 564 767 μὲν
584 683 647 768 γάρ
665 678 751 747 εἰναι
770 679 824 746 καί
843 681 967 766 τροφάς
986 678 1023 745 ἐν
1038 678 1168 764 ἀφανεῖ
1240 703 1241 717 ’

124 788 368 874 εάποκειμένας
390 787 445 854 καὶ
467 790 627 875 χρήματα,
656 779 706 866 οῖς
729 789 913 871 ὠνούμενοι
936 787 995 862 τὰς
1017 784 1168 851 έπεισάκ-
1240 815 1241 838 ι

151 921 229 982 τους
251 896 373 981 ἀγοράς
397 895 433 961 ἐν
456 900 561 980 πολλῇ
584 895 750 982 ὑπεροψίᾳ
771 889 857 977 ἦσαν
875 903 935 959 τοῦ
959 901 1073 976 κακοῦ,
1096 901 1169 967 τοῖς
1240 909 1241 954 ι

152 999 367 1088 δέ-δημόταις
384 1000 553 1096 ἀμφότερα
571 997 669 1074 ταῦτ’1
684 1000 816 1084 ἀπόρως
835 1002 934 1086 ἔχειν·
959 1001 1019 1082 την
1038 995 1064 1063 τ’
1084 996 1168 1063 άπο-
1240 1029 1241 1062 ι

152 1109 274 1192 στολὴν
288 1120 354 1173 τῶν
364 1109 571 1193 κληρούχων,
585 1107 627 1190 ἣν
641 1106 837 1190 ἐποιήσαντο
852 1108 899 1182 εἰς
913 1106 1036 1190 νοσερὰ
1049 1107 1168 1191 χωρία,
1240 1135 1241 1170 ι

153 1212 295 1298 ἐκβολὴν
317 1213 559 1299 ἀποφαίνοντες
581 1216 628 1290 εἰς
650 1222 804 1299 προφανῆ
823 1211 878 1278 καί
896 1217 1010 1300 μακρῷ
1026 1213 1169 1297 ’χείρονα
1240 1241 1241 1279 ι

103 1344 138 1392 ¹10
153 1322 308 1406 όλεθρου,
331 1319 487 1398 αὔξοντες
510 1319 555 1397 ὡς
577 1320 717 1403 μάλιστα
740 1317 877 1384 δυνατοὶ
900 1314 986 1403 ἦσαν
1007 1327 1052 1406 τῷ
1077 1319 1168 1404 λόγῳ
1240 1349 1241 1386 ι

151 1427 191 1491 τά
219 1426 329 1510 δεινά,
361 1425 416 1491 καί
443 1430 479 1491 τί
502 1423 603 1512 πέρας
634 1427 725 1490 ἔσται
757 1437 824 1490 τῶν
855 1435 966 1490 κακῶν
997 1422 1170 1501 ἀξιοῦντες

48 1543 49 1548 ’
152 1536 287 1616 μαθεῖν,
309 1529 614 1617 ὑπομιμνήσκοντές
636 1555 670 1596 τε
689 1543 755 1598 τῶν
774 1536 924 1596 παλαιῶν
942 1525 1068 1607 αὐτούς
1082 1531 1241 1602 alm-1346}

154 1649 258 1723 σμῶν,
282 1630 332 1715 οἷς
353 1638 418 1704 ὑπὸ
441 1649 509 1703 τῶν
532 1629 703 1704 πλουσίων
726 1640 844 1724 ἔτυχον
867 1635 1082 1720 αἰκισθέντες,
1112 1633 1171 1700 καί

118 1739 256 1814 ὅτάλλα
279 1745 319 1809 τὰ
337 1743 434 1828 ὅμοια
452 1745 582 1821 τούτοις
600 1745 682 1808 κατά
700 1745 829 1828 πολλὴν
846 1745 962 1809 άδειαν
982 1742 1170 1820 διεξιόντες.
1240 1781 1241 1828 3

114 1871 140 1913 15
154 1856 316 1917 τελευτῶν
340 1847 371 1915 δ’
398 1851 416 1916 ὁ
435 1855 585 1936 Βροῦτος
607 1852 654 1926 εἰς
678 1849 816 1933 ἀπειλήν
839 1873 914 1926 τινα
936 1848 1068 1914 τοιάνδε
1091 1870 1171 1911 κατ-
1240 1888 1241 1922 p

155 1955 280 2022 ἔκλεισε
301 1957 359 2020 τὸν
382 1958 501 2038 λόγον,
529 1956 572 2032 ὡς
595 1957 627 2019 εἰ
652 1959 853 2039 βουληθεῖεν
876 1955 964 2042 αύτῷ
987 1957 1171 2018 πείθεσθαι
1240 1995 1241 2004 ι

154 2064 210 2127 διὰ
234 2060 360 2147 ταχέων
382 2061 667 2144 προσαναγκάσων
689 2065 768 2139 τοὺς
796 2060 1017 2140 ἐκκαύσαντας
1039 2061 1075 2124 τὸ
1101 2059 1183 2122 δει-Ι
1240 2101 1241 2132 ;

31 2221 48 2253 ,
154 2171 218 2234 νὸν
240 2165 338 2252 <καί>
361 2165 568 2251 κατασβέσαι.
604 2164 710 2252 ἡμέν
734 2169 775 2251 δὴ
799 2166 954 2250 ἐκκλησία
977 2166 1135 2231 διελύετο.
1240 2207 1241 2218 ι

221 2272 291 2338 XV.
322 2275 366 2338 Οἰ
391 2271 422 2338 δ’
447 2273 568 2339 ύπατοι
594 2282 633 2358 τῇ
661 2276 800 2339 κατόπιν
826 2272 932 2360 ᾑμέρᾳ
960 2271 1170 2338 συνεκάλουν
1240 2315 1241 2320 1

115 2405 141 2444 το
156 2383 215 2466 τὴν
238 2381 375 2465 βουλὴν·
388 2383 566 2465 περίφοβοι
585 2381 678 2456 ὄντες
696 2376 749 2466 ἐπὶ
767 2389 837 2455 τοῖς
855 2375 1172 2463 καινοτομουμένοις
1208 2413 1211 2417 -

154 2486 209 2552 καί
237 2490 298 2571 την
324 2497 384 2553 τοῦ
406 2488 559 2573 Βρούτου
588 2487 794 2570 δημοκοπίαν
822 2487 869 2562 εἰς
896 2481 980 2569 μέγα
1006 2508 1036 2548 τι
1064 2485 1172 2548 κακὸν
1240 2513 1241 2564 η

155 2592 360 2674 ἀποσκήψειν
384 2595 541 2676 οἰόμενοι.
584 2591 703 2659 πολλοὶ
729 2589 790 2676 μὲν
818 2592 860 2675 δὴ
884 2589 938 2655 καί
960 2586 1171 2656 παντοδαποὶ
1240 2639 1241 2660 ,

134 2711 135 2714 ’
155 2699 221 2764 ὑπό
239 2694 267 2762 τ’
287 2697 397 2763 αὐτῶν
416 2697 553 2763 ἐκείνων
568 2697 758 2785 ἐρρήθησαν
778 2697 814 2762 ἐν
829 2706 874 2784 τῷ
889 2697 1053 2784 συνεδρίῳ
1072 2699 1171 2778 λόγοι
1240 2689 1241 2708 ³

156 2803 210 2869 καί
238 2804 303 2869 ὑπὸ
331 2814 397 2868 τῶν
420 2805 530 2868 άλλων
554 2802 804 2889 πρεσβυτέρων,
832 2815 898 2868 τῶν
921 2800 982 2888 μέν
1005 2800 1172 2885 οἰομένων

115 2935 142 2976 τε
157 2911 229 2974 δεῖν
243 2910 443 2993 θεραπεύειν
462 2912 520 2976 τὸν
540 2911 647 2993 δῆμον
666 2907 774 2996 ἀπάτη
792 2909 1036 2996 εύπροσηγορίᾳ
1056 2912 1171 2992 λόγων

228 3107 244 3156 5
258 3120 468 3171 παρακειμενας
483 3100 506 3155 0
530 3098 755 3170 ἀποκειμέναςο.
771 3101 894 3156 Sintenis
917 3102 978 3156 Em.
992 3100 1074 3156 Dion.
1083 3100 1123 3154 ΠΙ
1135 3106 1170 3154 10

158 3172 373 3298 13οἷς]οθςο,
391 3172 536 3240 Kiessling
627 3178 659 3225 16
679 3171 706 3226 εἰ
741 3171 852 3240 ὴΑ
894 3180 926 3227 17
945 3171 994 3226 δια
1013 3189 1066 3226 om
1087 3173 1132 3225 Ba
1164 3171 1167 3241 4

155 3241 391 3336 <ἐκ>καύσαντας
409 3243 455 3296 Bb
513 3249 546 3297 18
565 3241 614 3296 καὶ
633 3243 696 3298 add.
716 3192 852 3298 gobet
823 3243 926 3312 Oba.p
929 3248 1001 3298 ,138
1018 3247 1022 3310 Ι
1039 3238 1086 3296 ἐπὶ
1104 3242 1171 3295 τού-

155 3335 214 3376 τοις
232 3315 399 3369 διελύετοο.
417 3313 521 3368 Reiske
620 3262 926 3383 21δημ.ιιοπίανΒΡ
998 3319 1032 3368 23
1051 3309 1083 3366 έν
1102 3312 1169 3366 εδδ.

155 3385 262 3455 chg
315 3385 383 3440 25*
395 3387 567 3461 προσηγορίᾳ
587 3385 609 3440 Ο
628 3387 824 3460 προσηνείαο.
839 3384 943 3440 Reiske
963 3384 1169 3496 εἰπροσηγορίρι

159 3472 212 3524 ego
232 3457 266 3510 of.
285 3456 415 3523 ΠΙ48,4
398 3456 456 3526 (Ι
471 3463 531 3525 364
546 3440 591 3526 ιθ)
605 3456 688 3511 Ιεοοε
707 3475 734 3526 p.
751 3439 784 3512 66
