2496 3878
519 199 680 248 -Ζ-
1087 195 1109 260 3

87 355 121 420 οί
140 356 240 420 άλλοι
264 357 385 441 σχεδὸν
403 357 546 434 ἅπαντες
563 368 767 442 συγγραφεῖς
785 357 1001 442 ὁμολογοῦσι·
1026 362 1109 424 Διο-

86 461 201 538 νύσιος
224 459 256 526 δ’
279 462 297 528 ὁ
320 463 544 548 πρεσβύτερος
565 463 777 552 ὀγδοηκοστῷ
802 461 857 528 καὶ
874 463 1009 552 πέμπτῳ
1028 466 1108 548 μετδ

86 565 174 633 ταῦτ’
197 569 266 632 ἔτει
284 571 531 654 Συρακουσίοις
554 567 738 646 ἐπαναστὰς
756 565 889 656 κατέσχε
908 571 969 654 τῆν
987 593 1107 656 τυραν-

84 675 161 739 νίδα
193 674 280 739 κατά
311 677 371 740 τὸν
400 678 514 761 τρίτον
541 674 695 741 ἐνιαυτὸν
722 685 781 760 τῆς
809 675 1025 761 ἐνενηκοστῆς
1045 675 1107 758 Ικαὶ

83 783 195 865 τρίτης
215 781 422 864 ὀλυμπιάδος
441 781 601 867 άρχοντος
611 778 773 866 Ἀθήνησι
788 785 937 848 Καλλίου
955 793 1016 848 τοῦ
1034 781 1104 867 μετ’
1131 803 1141 844 ι

80 882 264 970 Ἀντιγένη.
302 887 427 970 ὀλίγοις
450 884 511 972 μέν
534 882 597 954 οὖν
620 891 705 954 ἔτεσι
729 890 922 973 διαμαρτεῖν
945 899 1012 954 τῶν
1030 891 1141 974 χρό-6

82 1017 151 1058 νων
181 994 261 1076 δοίη
285 1016 334 1070 τις
357 993 399 1058 ἀν
424 995 601 1080 ἱστορικοῖς
623 993 787 1080 ἀνδράσιν
811 992 948 1080 ἀρχαίας
971 992 1025 1059 καὶ
1048 1015 1107 1060 πο-

82 1105 210 1175 λυετεῖς
235 1098 511 1194 συνταττομένοις
533 1104 771 1186 πραγματείας,
794 1112 923 1184 γενεαῖς
946 1097 984 1165 δὲ
1007 1099 1107 1166 δυσὶν
1172 1113 1182 1130 ”

81 1205 100 1288 ἢ
131 1203 251 1292 τρισὶν
277 1205 370 1284 ὅλαις
397 1205 675 1292 ἀποπλανηθῆναι
703 1215 761 1290 τῆς
788 1205 947 1290 ἀληθείας
975 1206 1037 1272 οὐκ
1064 1205 1107 1272 ἀν

30 1310 305 1398 ιιιιέπιτρέψειεν.
350 1307 422 1378 ἀλλ’
453 1315 559 1382 ἔοικεν
592 1313 610 1379 δ
638 1325 768 1398 πρῶτος
796 1312 833 1378 ἐν
860 1324 931 1390 ταῖς
958 1313 1106 1400 ὡρογρα-
1121 1333 1147 1374 ιο

81 1423 174 1502 φίαις
202 1428 307 1485 τοῦτο
332 1423 573 1505 καταχωρίσας,
606 1413 632 1508 ηδ
660 1419 782 1496 πάντες
808 1419 1046 1502 ἠκολούθησαν
1074 1419 1110 1485 οί

81 1527 211 1606 λοιποί,
247 1534 387 1590 τοσοῦτο
417 1527 521 1609 μόνον
549 1525 586 1591 έν
613 1537 684 1602 ταῖς
712 1524 864 1611 ἀρχαίαις
891 1525 999 1608 εὑρὼν
1027 1524 1106 1589 άνα-

81 1642 246 1716 γραφαῖς,
278 1631 328 1696 ὅτι
360 1629 514 1715 πρέσβεις
543 1630 773 1716 ἀπεστάλησαν
802 1629 855 1696 ἐπὶ
883 1631 1011 1697 τούτων
1039 1641 1106 1696 τῶν

80 1735 221 1802 ὑπάτων
251 1738 299 1813 είς
325 1741 484 1803 Σικελίαν
512 1749 606 1805 σῖτον
634 1739 841 1822 ὠνησόμενοι
869 1736 924 1803 καὶ
951 1745 1105 1822 παρῆσαν

81 1841 217 1908 ἐκεῖθεν
241 1843 380 1925 ἄγοντες
401 1843 444 1926 ῆν
467 1844 485 1910 ὁ
508 1844 673 1925 τύραννος
696 1845 796 1908 ἔδωκε
821 1841 966 1926 δωρεάν,
994 1839 1105 1907 οὐκέτι
1119 1863 1145 1902 ιι

81 1949 147 2032 μὴν
171 1950 266 2035 παρὰ
288 1961 355 2016 τῶν
369 1947 574 2034 Ἑλληνικῶν
593 1949 741 2028 ἐξετάσαι
761 1946 993 2034 συγγραφέων,
1016 1947 1105 2024 ὅστις

81 2050 121 2138 ῆν
149 2056 322 2140 τύραννος
348 2057 420 2121 τότε
444 2060 616 2139 Σικελίας,
643 2055 872 2141 ἀβασανίστως
897 2052 938 2120 δέ
957 2076 1027 2131 πως
1048 2050 1104 2118 καὶ
1181 2067 1191 2084 '

80 2161 163 2226 κατά
187 2162 228 2225 τὸ
253 2164 441 2246 προστυχὸν
462 2169 576 2227 θεῖναι
598 2164 657 2227 τὸν
680 2162 876 2227 Διονύσιον.

145 2267 195 2333 Π.
235 2266 282 2330 Οί
310 2262 371 2350 μὲν
403 2261 465 2332 οὖν
498 2265 551 2332 ἐπὶ
581 2271 737 2344 Σικελίας
768 2265 923 2342 πλέοντες
951 2264 1105 2350 πρέσβεις

80 2383 222 2458 χειμῶνι
247 2372 449 2456 χρησάμενοι
471 2375 552 2438 κατὰ
574 2374 746 2438 θάλατταν
764 2371 819 2438 καὶ
838 2373 948 2459 κύκλῳ
967 2373 1028 2453 τῆν
1046 2378 1104 2453 νῆ-
1119 2391 1145 2430 κο

82 2496 141 2544 σον
172 2483 350 2564 περιπλεῖν
377 2477 643 2562 ἀναγκασθέντες
670 2482 804 2564 χρόνιοί
828 2501 862 2543 τε
891 2480 1104 2562 κατήχθησαν

81 2588 162 2671 πρὸς
178 2588 241 2650 τὸν
253 2585 432 2668 τύραννον,
447 2582 501 2648 καί
515 2585 576 2666 τῆν
589 2587 784 2672 χειμερινὴν
791 2583 862 2649 ἐκεῖ
873 2586 1105 2665 διατρίψαντες

83 2691 174 2775 ὥραν
199 2691 282 2774 μετὰ
304 2688 406 2776 θέρος
429 2689 620 2774 ἐπανῆλθον
643 2693 691 2767 είς
706 2686 848 2756 Ἰταλίαν
870 2691 994 2766 πολλάς
1012 2694 1105 2773 κομί-

84 2799 196 2874 ζοντες
219 2795 354 2881 ἀγοράς.
391 2796 426 2861 οί
447 2793 476 2860 δ’
500 2798 547 2872 είς
569 2799 607 2862 τὸ
632 2801 849 2880 Πωμεντῖνον
868 2793 1138 2871 ἀποσταλέντες2

82 2905 202 2968 πεδίον
232 2902 349 2983 ὀλίγον
377 2897 438 2984 μέν
466 2899 605 2986 ἐδέησαν
633 2903 677 2979 ὡς
705 2901 906 2967 κατάσκοποι
932 2904 1015 2987 πρὸς
1037 2912 1104 2966 τῶν
1118 2921 1144 2961 ει

86 3007 315 3073 Οὐολούσκων
352 3005 571 3094 ἀναιρεθῆναι
604 3007 841 3092 διαβληθέντες
870 3007 937 3072 ὑπὸ
969 3018 1036 3071 τῶν
1069 3006 1105 3072 ἐκ

155 3169 170 3216 1
198 3160 229 3218 ολ
248 3163 354 3218 add.B
414 3168 430 3216 ὀ
453 3172 503 3218 τοῦ
523 3163 629 3218 ειόὀ.Β
689 3159 832 3233 θἈνγίνη
851 3162 898 3215 Ba
917 3161 1055 3232 Ἀντιγένη
1078 3161 1103 3214 R

85 3233 741 3376 ἶόιὡέοέέαῗίῖλζὀκίρὲἴλίέέόφόῗέῗὀω
761 3233 1104 3374 ὀλέὲωῦτίέηῖιίλίῗ

85 3373 190 3430 Reiske
238 3382 271 3430 16
291 3375 346 3446 μὴν
366 3376 430 3432 εδδ,
444 3377 492 3431 Bb
533 3382 572 3430 '19
592 3379 725 3431 Σικελίαν
741 3394 763 3430 ο.
780 3375 939 3443 Stephanus
985 3380 1018 3426 23
1034 3372 1103 3441 μετὰ

87 3446 116 3499 τὸ
133 3445 224 3517 θέρος
244 3447 266 3501 Ο
284 3450 397 3516 praeter
415 3448 437 3500 Β
456 3447 530 3502 κατδι
547 3445 634 3517 θέρος
653 3466 675 3501 c.
695 3444 826 3500 Gelenius

906 3529 942 3580 1*
