2538 3884
590 238 756 291 ..Θ-

166 394 462 482 συναγωνιουμένη
486 397 628 483 δύναμις
651 399 764 478 αὐτοῖς
785 407 946 487 συναχθῇ.
983 410 1086 467 ταῦτα
1103 398 1216 467 Ῥω-6

166 508 273 589 μαίων
305 501 579 590 ἀποκριναμένων
607 510 746 572 Λατίνοι
780 502 842 592 μέν
869 507 932 572 ὅσα
958 507 1180 593 ἠδυνήθησαν

166 609 202 674 ἐκ
230 621 297 676 τῶν
326 609 437 696 ἀγρῶν
460 613 508 688 είς
530 613 588 689 τάς
610 615 722 690 πόλεις
744 611 1051 697 ἀνασκευασάμενοι
1073 618 1180 698 φυλα-

164 717 227 800 κὴν
260 716 434 784 ἐποιοῦντο
466 729 533 784 τῶν
565 730 701 804 τειχῶν,
737 721 777 784 τά
810 717 840 785 δ’
874 722 958 786 ἀλλα
988 721 1179 805 περιεώρων

164 821 385 908 ἀπολλύμενα.
430 822 582 912 Ἕρνικες
619 821 656 890 δὲ
694 828 1015 912 δυσανασχετοῦντες
1052 823 1105 892 ἐπὶ
1140 835 1179 912 τῇ
1206 843 1220 884 ⁶

163 930 252 1016 λύμῃ
275 927 330 996 καὶ
353 931 518 1017 διαρπαγῇ
542 941 609 996 τῶν
631 930 761 1018 ἀγρῶν,
786 931 1010 1017 ἀναλαβόντες
1032 933 1071 998 τά
1094 932 1180 998 ὅπλα

164 1032 316 1120 ἐξῆλθον.
362 1035 607 1121 ἀγωνισάμενοι
631 1033 668 1103 δὲ
692 1043 849 1124 λαμπρῶς
871 1034 926 1102 καὶ
948 1039 1095 1114 πολλούς
1117 1034 1179 1122 μὲν

162 1139 387 1226 ἀποβαλόντες
409 1154 475 1209 τῶν
495 1142 675 1229 σφετέρων,
698 1148 809 1232 πολλῶ
830 1139 860 1208 δ’
882 1145 930 1207 ἐτι
947 1146 1083 1220 πλείους
1100 1143 1180 1209 ἀπο·
1258 1161 1261 1168 ’

163 1250 350 1326 κτείναντες
378 1259 446 1315 τῶν
473 1254 657 1336 πολεμίων,
690 1247 922 1335 ἐκβιασθέντες
948 1251 996 1326 είς
1022 1250 1062 1314 τά
1089 1253 1178 1334 τείχη

162 1351 367 1441 κατέφυγον,
390 1352 444 1421 καὶ
468 1354 579 1423 οὐκέτι
602 1357 707 1442 μάχης
730 1355 918 1442 ἐπειρῶντο.
1192 1373 1218 1414 10

229 1461 379 1527 LXVIII.
421 1459 563 1528 Λίκανοὶ
596 1459 634 1529 δέ
665 1459 720 1528 καὶ
752 1462 961 1529 Οὐολοῦσκοι
993 1461 1177 1546 προνομεύ-

163 1583 280 1644 σαντες
307 1568 419 1634 αὐτῶν
446 1569 507 1652 την
532 1570 643 1654 χώραν
667 1567 772 1645 ἀδεῶς
796 1565 849 1632 ἐπὶ
871 1571 949 1645 τοὺς
976 1566 1179 1633 Τυσκλάνων

92 1672 288 1759 1934ἀγροδς
310 1673 479 1759 ἀφίκοντο.
519 1675 759 1760 διαρπάσαντες
782 1671 819 1739 δὲ
845 1672 900 1739 καὶ
923 1674 1062 1750 τούτους
1085 1673 1179 1756 οὐδε-

163 1781 223 1856 νὸς
258 1776 470 1864 ἀμυνομένου
506 1788 660 1866 παρῆσαν
693 1782 741 1858 είς
771 1783 850 1858 τοὺς
881 1782 1037 1864 Γαβίνων
1069 1778 1178 1864 ὅρους.

164 1883 338 1964 ἐλάσαντες
366 1882 404 1952 δέ
420 1884 486 1951 καὶ
515 1887 570 1952 διά
598 1888 719 1971 ταύτης
746 1885 851 1964 ἀδεῶς
878 1895 935 1970 τῆς
958 1895 1017 1970 γῆς
1040 1881 1093 1950 ἐπὶ
1116 1887 1178 1970 τὴν
1193 1901 1219 1942 15

158 1987 284 2077 Ῥώμην
308 1990 520 2076 ἀφικνοῦντο.
563 1992 777 2078 ἐθορύβησαν
800 1988 861 2076 μὲν
885 1986 948 2057 οὖν
973 1991 1093 2068 ἱκανῶς
1114 1992 1212 2075 την2

162 2100 279 2180 πόλιν,
307 2097 348 2163 ού
375 2099 441 2181 μὴν
468 2103 631 2184 κρατῆσαί
650 2097 681 2182 γ’
708 2098 808 2182 αὐτῆς
829 2098 1065 2182 ἠδυνήθησαν·
1094 2096 1177 2162 ἀλλά

163 2204 281 2286 καίπερ
305 2199 561 2280 ἐξασθενοῦντες
584 2204 619 2268 οί
633 2201 787 2287 Ῥωμαῖοι
810 2203 850 2267 τὰ
874 2202 1008 2285 σώματα
1025 2200 1178 2280 καὶτοὺς

164 2307 311 2385 ὑπάτους
338 2306 582 2385 ἀπολωλεκότες
611 2307 818 2394 ἀμφοτέρους
841 2345 883 2354 -
906 2305 961 2373 καὶ
984 2310 1048 2394 γάρ
1072 2310 1090 2375 δ
1114 2312 1178 2372 Σε-

164 2417 312 2499 ρουίλιος
343 2413 514 2498 ἐτεθνήκει
547 2417 669 2480 νεωστί
697 2451 741 2462 -
773 2415 1057 2500 καθοπλισάμενοι
1088 2415 1177 2500 παρά
1192 2431 1218 2472 20

164 2522 308 2606 δύναμιν
335 2530 405 2597 τοϊς
431 2523 573 2606 τείχεσιν
601 2517 799 2605 ἐπέστησαν,
825 2529 886 2586 τοῦ
913 2524 1094 2606 περιβόλου
1121 2531 1179 2606 τῆς

133 2614 136 2619 ’
162 2631 289 2703 πόλεως
313 2628 409 2702 όντος
433 2623 468 2690 ἐν
492 2633 538 2713 τῷ
560 2629 633 2690 τότε
656 2628 782 2714 χρόνῳ,
811 2625 888 2702 ὅσος
906 2623 1095 2709 Ἀθηναίων
1117 2637 1178 2693 τοῦ

164 2733 281 2809 ἀστεος
306 2732 324 2798 δ
351 2732 486 2808 κύκλος·
519 2729 574 2797 καὶ
601 2732 641 2796 τά
664 2727 725 2816 μὲν
749 2729 802 2795 ἐπὶ
825 2735 944 2815 λόφοις
966 2735 1100 2816 κείμενα
1122 2730 1178 2797 καὶ

162 2837 296 2924 πέτραις
323 2837 501 2921 ἀποτόμοις
527 2832 584 2904 ὑπ’
611 2837 711 2922 αὐτῆς
734 2835 865 2922 <ἐστιν>
894 2836 1096 2924 ὠχυρωμένα
1120 2847 1178 2921 τῆς

162 2945 295 3028 φύσεως
321 2943 377 3008 καὶ
404 2944 518 3028 ὀλίγης
545 2945 687 3028 δεόμενα
710 2947 874 3029 φυλακῆς·
906 2943 947 3008 τά
971 2941 999 3008 δ’
1027 2944 1092 3010 ὑπὸ
1116 2953 1176 3009 τοῦ
1191 2959 1217 3000 2⁵

234 3140 250 3189 8
273 3135 392 3197 πολλούς
414 3154 465 3205 μεν
489 3135 705 3199 ἀποκτείναντες
725 3143 780 3190 τῶν
798 3137 952 3205 πολεμίων,
976 3131 1114 3206 πολλῷδ’
1137 3131 1178 3188 ἐτι

162 3206 275 3268 πλείους
302 3203 493 3278 ἀποβαλόντες
518 3227 556 3260 τω
557 3226 574 3261 ν
604 3204 688 3275 σφετέ
706 3227 746 3262 ων
774 3223 796 3261 c
819 3205 1009 3276 Κίοεελὶυςμ
1010 3203 1041 3259 ἐν
1050 3188 1129 3260 add.
1154 3206 1177 3258 B

164 3282 196 3331 12
216 3278 307 3340 ἀδεῶς
325 3293 378 3331 om.
393 3277 418 3330 A
482 3282 516 3330 14
534 3228 704 3350 Σαβίνωνὸ
725 3279 856 3350 Γαβίνων
874 3224 1019 3344 Kiessling
1038 3275 1100 3332 coll.
1116 3275 1176 3332 Liv.

162 3347 238 3404 1116
313 3355 344 3404 16
364 3349 413 3403 καὶ
432 3342 611 3421 ἐθορύβησαν
630 3348 725 3420 μένΑ
798 3355 831 3403 17
851 3345 1069 3420 κρατῆσ<αι>Β
1143 3353 1176 3403 18

164 3411 383 3486 ἐξασθενοῦντες
401 3420 423 3472 Β
443 3420 633 3483 ἀσθενοῦντες
650 3421 676 3472 R
739 3427 772 3475 22
791 3427 841 3474 τοῦ
860 3417 959 3474 om.A
1020 3422 1054 3471 23
1073 3417 1177 3481 ἀστεως

164 3491 211 3545 Ba
283 3497 318 3546 24
342 3486 416 3545 ἐστιν
437 3490 501 3544 add.
521 3489 625 3546 Reiske
