2538 3884
505 175 677 226 -θ-
1032 180 1095 245 311

78 354 140 412 σιος
160 335 181 418 ἡ
204 337 345 420 πληθὺς
369 345 440 398 τῶν
463 337 585 417 βελῶν.
632 334 668 398 οί
688 330 725 398 δὲ
744 331 895 419 Ῥωμαῖοι
916 345 1097 425 συστρεφό.

78 465 162 526 μενοι
189 441 275 506 κατὰ
300 444 429 525 λόχους
450 436 678 523 προσέτρεχον
700 439 813 516 αὐτοῖς
834 441 895 525 οὐχ
919 443 1097 529 ὑφισταμέ-

77 572 139 624 νοις
163 543 219 612 καὶ
246 545 381 622 πολλὰς
407 545 540 627 πληγὰς
567 543 792 626 λαμβάνοντες
818 545 882 611 ὑπὸ
909 559 976 614 τῶν
1002 548 1094 635 πέριξ

76 651 240 738 ὑπέμενον.
290 653 338 728 ὡς
366 647 406 715 δὲ
434 649 477 714 τά
499 671 534 713 τε
563 647 643 733 ξίφη
665 653 803 726 πολλοῖς
824 651 969 736 ἀχρηστα
990 649 1034 738 ἦν
1055 657 1094 719 τά
1113 661 1134 724 4

78 756 129 841 μὲν
154 755 423 842 ἀπεστομωμένα
451 755 511 830 τὰς
539 753 659 838 ἀκμάς,
686 755 726 818 τά
754 751 791 819 δὲ
818 761 1012 843 κατεαγότα,
1038 759 1092 825 καὶ
1119 785 1133 826 ε

78 874 133 930 τῶν
163 863 328 928 ἀσπίδων·
355 862 399 925 τὰ
434 857 532 944 πέριξ
570 865 661 935 ίτυος
694 857 833 943 ἐχόμενα
865 861 1091 949 διετέθρυπτο,

31 969 195 1053 ιεοοέξαιμοί
213 992 251 1034 τε
277 967 317 1032 οί
336 968 477 1041 πλείους
498 961 556 1028 καί
572 968 764 1048 καταβελεῖς
780 962 836 1030 καὶ
852 967 1034 1053 παράλυτοι
1051 973 1091 1035 τὰ

79 1073 147 1158 μέλη
174 1076 232 1140 διὰ
260 1079 400 1156 πλῆθος
427 1069 628 1157 τραυμάτων
654 1065 757 1153 ἦσαν,
786 1077 1092 1158 καταφρονήσαντες

79 1181 174 1246 αὐτῶν
202 1182 239 1246 οί
265 1173 444 1264 Τυρρηνοὶ
471 1185 642 1261 χωροῦσιν
665 1175 780 1257 ὁμόσε·
812 1177 867 1242 καὶ
890 1180 926 1244 οί
941 1177 1090 1265 Ῥωμαῖοι

79 1289 333 1369 προσπίπτοντες
356 1284 471 1366 ὥσπερ
494 1284 600 1364 θηρία
624 1281 748 1366 δόρατά
770 1279 799 1346 τ’
823 1282 934 1350 αὐτῶν
956 1285 1088 1371 έπιλαμ
1104 1314 1130 1354 ιο

80 1395 245 1476 βανόμενοι
275 1394 467 1472 κατέκλων,
495 1386 551 1452 καλ
578 1385 656 1472 ξίφη
685 1387 899 1472 δραττόμενοι
925 1395 1006 1458 κατὰ
1033 1396 1090 1472 τὰς

80 1495 170 1580 ἀκμὰς
192 1496 369 1578 ἀπέσπων,
393 1491 451 1559 καὶ
473 1496 722 1577 περικυλίοντες
743 1495 791 1570 είς
808 1495 868 1578 την
887 1505 949 1580 γῆν
967 1501 1007 1564 τὰ
1026 1502 1089 1566 σώ-

81 1625 150 1684 ματα
172 1603 414 1688 συνεφύροντο
438 1605 540 1686 θυμῷ
563 1600 601 1663 τὸ
624 1602 740 1664 πλεῖον
763 1598 783 1683 ἢ
807 1601 945 1686 δυνάμει
968 1606 1088 1690 διαγω-

81 1711 240 1793 νιζόμενοι.
288 1703 368 1773 ὥστ’
392 1702 504 1771 οιίκέτι
528 1699 696 1789 συνῄεσαν
719 1704 832 1783 αὐτοῖς
853 1709 901 1785 είς
922 1721 1033 1796 χεῖρας
1055 1714 1091 1778 οί
1101 1721 1122 1786 5

81 1813 228 1898 πολέμιοι,
251 1818 294 1880 τό
314 1837 349 1879 τε
368 1811 566 1897 καρτερικὸν
585 1808 839 1895 ἐκπληττόμενοι
856 1825 924 1881 τῶν
942 1817 1086 1906 ἀνδρῶν,
1100 1844 1125 1886 ιι

82 1917 124 1982 καὶ
147 1923 206 2005 τὴν
229 1920 417 2000 ἀπόνοιαν,
445 1917 489 2000 ἣν
511 1919 792 2003 προσειλήφεσαν,
819 1923 900 1986 κατὰ
922 1925 983 2008 την
1006 1925 1086 1993 ἀπό-

83 2031 190 2104 γνωσιν
212 2036 278 2092 τοῦ
299 2029 358 2108 ζῆν
378 2024 540 2098 δεδιότες·
564 2019 636 2087 ἀλλ’
655 2021 854 2104 ἀποστάντες
872 2023 973 2107 αὖθις
991 2035 1085 2116 ἐβαλ-

83 2133 131 2194 λον
151 2132 276 2218 ἀθρόοι
299 2129 356 2195 καὶ
380 2129 494 2207 ξύλοις
516 2126 572 2192 καὶ
596 2131 706 2206 λίθοις
728 2127 783 2195 καὶ
800 2132 865 2221 ὅτῳ
884 2135 972 2224 ἀλλρι
992 2137 1084 2204 ἐντύ-

83 2258 167 2322 χοιεν,
188 2237 245 2304 καὶ
270 2241 491 2310 τελευτῶντες
513 2233 739 2321 ἐγκατέχωσαν
761 2237 882 2316 αὐτοὺς
898 2250 943 2330 τῷ
962 2246 1083 2328 πληθει

83 2351 136 2406 τῶν
155 2346 274 2426 βελῶν.
322 2343 582 2424 διαφθείραντες
604 2337 641 2405 δὲ
663 2345 741 2419 τοὺς
762 2344 886 2432 ἀνδρας
908 2350 1007 2417 ἔθεον
1029 2351 1082 2419 ἐπὶ
1097 2380 1123 2420 ιο

84 2447 112 2510 τὸ
136 2451 318 2535 φρούριον,
349 2450 482 2533 ἔχοντες
511 2447 569 2522 τάς
597 2457 664 2512 τῶν
692 2448 956 2535 ἐπιφανεστάτων
983 2482 1082 2545 κεφα-

85 2553 139 2636 λάς,
160 2556 203 2632 ὡς
225 2555 262 2634 ἐξ
286 2553 415 2639 ἐφόδου
438 2555 517 2629 τοὺς
539 2551 609 2618 ἐκεῖ
628 2561 907 2644 παραληψόμενοι.
949 2563 991 2629 οὐ
1013 2568 1080 2651 μην
1100 2577 1120 2642 6

41 2654 213 2744 ιιωίχόρησέ
248 2658 284 2745 γ’
316 2659 432 2736 αὐτοῖς
467 2656 543 2723 κατ’
580 2658 696 2726 ἐλπίδα
727 2666 765 2729 τὸ
797 2667 911 2751 ἔργον·
953 2672 989 2736 οί
1017 2676 1080 2764 γὰρ

84 2765 345 2852 καταλειφθέντες
375 2764 413 2831 ἐν
443 2765 531 2852 αὐτῷ
563 2768 764 2850 ζηλώσαντες
792 2775 829 2838 τὸ
860 2775 991 2860 εὐγενὲς
1019 2795 1081 2853 τοῦ

86 2873 217 2940 θανάτου
236 2884 307 2938 τῶν
324 2869 361 2936 θ’
384 2869 524 2956 ἑταίρων
542 2871 597 2937 καὶ
616 2873 726 2960 <τῶν>
746 2895 919 2965 συγγενῶν
937 2887 1081 2975 ἐξῆλθον
1096 2923 1121 2963 ιι

86 2972 174 3059 ὀλίγοι
192 2979 404 3046 παντάπασιν
422 2979 526 3060 ὄντες,
543 2977 598 3043 καὶ
616 2984 724 3048 πολὺν
743 2984 986 3079 ἀγωνισάμενοι
1004 3007 1082 3091 χρό-

86 3103 133 3146 νον
152 3087 208 3151 τὸν
231 3084 337 3152 αὐτὸν
359 3086 485 3170 τρόπον
506 3097 576 3163 τοῖς
599 3084 721 3175 ἑτέροις
740 3094 879 3179 ἅπαντας
898 3105 1081 3200 διεφθάρη-

87 3339 122 3396 ..
142 3280 225 3404 ιιι
240 3273 409 3416 ἀιέιιλ
428 3273 697 3412 ..ῖῶιὶιλλ
748 3295 1082 3465 ἀνειλόμεθα

88 3419 130 3467 τῶν
146 3418 203 3474 add.
223 3419 345 3490 Sylburg
423 3425 457 3474 2⁷
476 3422 718 3501 διεφθάρ<η>σαν
737 3432 784 3490 Bb
