2538 3884
169 163 235 229 362
590 165 759 218 -Θ-

167 325 364 410 ἠναγκάσθη
386 322 529 409 ἀπάχειν
549 327 610 392 τὸν
633 328 776 412 στρατὸν
798 323 834 390 έκ
857 334 914 410 τῆς
936 327 1105 410 πολεμίας,
1131 323 1192 390 καὶ

168 433 204 497 οί
243 431 451 498 Οὐολοῦσκοι
489 431 647 498 ἀπιοῦσιν
688 429 845 515 ἑπόμενοι
884 435 1032 508 πολλοὺς
1071 429 1191 496 αὐτῶν

131 535 372 605 6ἀπέιιτειναν.
417 538 461 615 ὡς
490 533 521 603 δ’
544 535 581 602 έν
602 546 642 622 τῇ
665 541 762 625 φιλίᾳ
784 535 938 622 ἐγένοντο
945 585 955 620 ,
983 538 1193 620 συναγαγὼν

167 645 215 720 είς
243 642 420 729 ἐκκλησίαν
450 642 572 721 αὐτοὺς
599 644 618 710 6
648 643 773 720 ὕπατος
799 640 854 709 καὶ
880 644 989 710 πολλὰ
1017 643 1193 719 ὀνειδίσας

140 751 231 834 οέφη
253 752 436 836 χρήσεσθαι
459 757 498 834 τῇ
521 751 603 814 κατὰ
624 761 692 815 τῶν
714 754 920 816 λιποτακτῶν
944 749 1089 815 κολάσει.
1128 747 1191 814 καί

167 837 282 922 πολλὰΙ
298 854 466 941 δεομένων
487 866 555 921 τῶν
577 859 790 943 πρεσβευτῶν
813 854 869 922 καὶ
890 867 959 922 τῶν
980 857 1094 922 ἀλλων
1115 864 1191 919 τῶν

168 960 206 1027 έν
236 960 322 1028 τέλει
354 962 542 1049 μετριάσαι,
573 960 628 1027 καὶ
660 963 705 1047 μὴ
736 964 913 1050 συμφορὰν
943 961 996 1028 ἐπὶ
1026 971 1192 1048 συμφορᾷ

62 1125 68 1133 .
166 1074 366 1153 προσθεῖναι
383 1077 423 1153 τῇ
441 1071 546 1152 πόλει,
565 1070 668 1152 λόχον
684 1069 823 1146 οὐδενὸς
836 1069 947 1134 αὐτῶν
960 1069 1190 1153 ποιησάμενος

133 1171 312 1259 ’λέκόρωσε
339 1175 401 1258 τὴν
425 1177 572 1240 κόλασιν.
617 1173 673 1240 καὶ
695 1176 776 1259 μετά
797 1172 893 1241 τοῦθ’
922 1175 958 1240 οί
977 1177 1118 1258 λοχαγοί
1135 1197 1189 1257 τε,

129 1306 154 1347 ιο
168 1271 216 1344 ὧν
244 1280 280 1346 οί
303 1284 397 1367 λόχοι
424 1283 567 1367 ἔφυγον,
596 1278 652 1346 καὶ
680 1283 716 1347 οἱ
738 1283 903 1368 πρόμαχοι
930 1290 998 1346 τῶν
1026 1283 1188 1364 σημείων,

168 1385 241 1452 ὅσοι
273 1387 314 1452 τά
345 1397 464 1471 σημεῖα
493 1385 761 1471 ἀπολωλέκεσαν,
793 1388 829 1453 οί
855 1383 917 1471 μὲν
946 1383 1077 1451 πελέκει
1105 1389 1187 1462 τοὺς

167 1491 309 1580 αὐχένας
336 1493 562 1577 ἀπεκόπησαν,
589 1494 626 1559 oc
638 1489 688 1558 Υδέ
712 1493 823 1572 ξύλοις
844 1495 1019 1577 παιόμενοι
1042 1490 1187 1576 διεφθό-

168 1617 287 1683 ρησαυ·
312 1598 348 1665 έκ
370 1596 409 1664 δὲ
431 1609 492 1666 τοῦ
511 1601 615 1665 ἀλλου
632 1602 786 1684 πλήθους
804 1599 869 1666 ἀπὸ
887 1600 1028 1674 δεκάδος
1046 1595 1186 1680 ἑκάστης

168 1695 216 1780 εἷς
237 1703 322 1790 ἀνὴρ
346 1705 364 1770 6
388 1707 499 1792 λαχὼν
520 1706 631 1794 κλήρῳ
654 1707 719 1790 πρὸ
741 1715 810 1770 τῶν
829 1705 941 1770 ἀλλων
959 1701 1251 1787 ἀπέθυησκεν.1881

128 1834 155 1876 ιε
168 1808 251 1893 αὕτη
272 1807 444 1893 Ῥωμαίοις
470 1811 606 1896 πάτριός
633 1809 703 1876 ἐστι
728 1812 810 1877 κατὰ
836 1821 903 1876 τῶν
931 1812 1099 1896 λιπόντων
1125 1810 1185 1886 τὰς

167 1913 274 1993 τάξεις
296 1915 316 2000 ἢ
339 1912 533 2000 προεμένων
555 1917 614 1994 τάς
636 1920 777 2001 σημαίας
798 1916 819 2000 ἡ
843 1919 984 1994 κόλασις.
1021 1913 1077 1982 καὶ
1100 1917 1184 2000 μετά

167 2016 257 2087 ταῦτ’
280 2021 380 2099 αὐτός
401 2044 436 2086 τε
459 2023 660 2108 μισούμενος
681 2024 700 2090 6
724 2026 904 2109 στρατηγὸς
925 2021 980 2088 καὶ
1003 2031 1061 2108 τῆς
1084 2038 1184 2107 στρα·

167 2136 238 2205 τιᾶς
265 2129 347 2195 ὅσον
371 2131 419 2194 ἔτι
441 2138 560 2216 περιῆν
582 2125 726 2215 κατηφὲς
747 2127 803 2196 καὶ
826 2131 944 2214 ἀτιμον
967 2127 1184 2213 ἐπαγόμενος,

167 2244 234 2300 τῶν
257 2233 478 2322 ἀρχαιρεσίων
498 2239 719 2320 καθηκόντων
742 2233 942 2322 ἀνέστρεψεν
965 2235 1014 2311 είς
1036 2235 1098 2318 την
1120 2255 1183 2300 πα-

128 2341 272 2425 εοτρίδα.
1253 2318 1254 2364 ¹

233 2446 288 2511 LI.
316 2443 599 2535 Ἀποδειχθέντων
622 2444 660 2512 δὲ
683 2444 751 2532 μετ’
775 2447 922 2523 ἐκείνους
939 2446 1076 2512 ὑπάτωυ
1095 2449 1184 2512 Λευ·
1253 2473 1254 2534 3

167 2556 242 2618 κίου
273 2553 458 2640 Οὐαλερίου
490 2554 528 2620 τὸ
563 2553 721 2639 δεύτερον
750 2550 806 2618 καὶ
836 2555 993 2638 Τιβερίου
1021 2555 1184 2636 Αίμιλίου

167 2659 296 2743 βραχύν
317 2683 392 2725 τινα
414 2662 537 2746 χρόνον
560 2657 749 2746 ἐπισχόντες
771 2659 807 2725 oc
827 2660 991 2747 δήμαρχοι
1012 2660 1072 2724 τὸν
1092 2654 1181 2743 ὑπὲρ
1253 2641 1254 2688 3

166 2767 365 2849 κληρουχίας
386 2766 488 2831 πόλιν
510 2766 644 2849 εἰσῆγον
668 2768 783 2850 λόχου·
815 2763 871 2830 καὶ
894 2767 1087 2851 προσιόντες
1109 2775 1183 2841 τοῖς

127 2867 305 2944 εεὺπάτοις
332 2869 448 2951 ἠξίουν
477 2874 658 2954 βεβαιῶσαι
686 2881 732 2959 τῷ
763 2873 858 2960 δήμῳ
888 2872 945 2948 τὰς
973 2867 1181 2958 ὑποσχέσεις,

167 2975 206 3053 ἀς
228 2973 402 3058 ἐποιήσατο
424 2977 445 3059 ἡ
469 2979 574 3061 βουλὴ
598 2981 749 3065 Σπορίου
769 2980 920 3044 Κασσίου
943 2974 997 3042 καὶ
1020 2979 1181 3063 Πρόκλου
1253 2971 1254 3048 J

239 3131 484 3256 1Ἕπ>ἀχεινΒ
557 3129 627 3187 206
643 3132 749 3188 add.B
776 3137 779 3200 Ι
807 3131 1023 3205 Οόολοῦο<κοι>
1042 3133 1091 3188 Bb
1165 3138 1181 3186 ό
1253 3125 1254 3182 j

166 3212 199 3274 τῇ
219 3221 272 3259 om.
333 3211 366 3275 τῇ
385 3206 492 3275 καιρίῳ
511 3220 535 3262 ο.
548 3203 653 3258 Reiske
673 3207 678 3272 Ι
703 3207 877 3259 λιποτακτῶν
895 3204 942 3258 Ba
960 3205 990 3258 ελ
1008 3202 1183 3274 Grasberger
1253 3213 1254 3232 ³

166 3274 702 3345 Τοεε.Ηε1·1).μ.41λειποτακτῶνΒ
789 3277 986 3348 όπρεοβυτῶν
1004 3273 1055 3328 Ac
1149 3281 1181 3329 10

167 3344 197 3400 οί
212 3364 266 3404 om.
284 3346 332 3402 Βε,
403 3352 437 3400 13
456 3344 617 3407 δωδεκάδος
634 3345 661 3398 A
733 3350 766 3400 15
786 3344 1010 3418 <λι>πόντωνΒ
1081 3351 1116 3402 16
1135 3362 1183 3414 οη-
1253 3347 1254 3350 ’

166 3419 251 3483 μαίας
262 3415 291 3469 <G
309 3417 344 3470 cf.
364 3416 453 3471 Cobet
472 3416 536 3471 Obs.
555 3434 583 3485 p.
605 3421 655 3470 168
675 3419 790 3486 σημείας
808 3417 833 3470 R
