2508 3882
494 223 661 272 —H-
1018 221 1085 286 245

76 377 113 459 ἣν
134 377 177 442 άν
199 377 237 443 ἐκ
261 383 383 458 παντὸς
405 383 600 466 κτήσωνται,
623 383 685 466 τὴν
709 379 823 468 ἑτέραν
847 382 937 460 ἔταξε
961 384 1085 468 λαμβά·

75 505 139 548 νειν
161 487 279 570 τρίτην
301 488 430 572 μερίδα.
475 489 559 552 ὥστε
582 487 805 573 μεριζομένων
827 490 875 566 εἰς
896 500 985 573 τρεῖς
1006 493 1084 573 κλη-
1102 491 1123 555 3

76 613 147 672 ρους
164 581 234 656 τῶν
254 593 415 676 λαφύρων
433 596 511 670 τοὺς
530 591 591 678 μέν
604 595 774 678 ὑπηκόους
791 619 826 660 τε
844 593 899 661 καῖ
918 593 1085 679 ἐπήλυδας

26 697 235 781 ιῖῦῖδιμοιρίας
259 699 454 785 λαμβάνειν,
476 702 554 778 τοὺς
578 698 608 765 δ’
632 701 823 784 αὐθιγενεῖς
841 699 896 766 καλ
918 701 1085 785 ἡγεμόνας

74 805 179 887 τρίτην
202 806 334 888 μερίδα.
380 803 416 871 έκ
443 803 481 872 δέ
508 807 628 872 τούτου
657 806 752 872 δυεῖν
774 818 841 872 τῶν
864 805 1084 873 ἀτοπωτάτων
1109 834 1122 876 ε

74 908 210 993 θάτερον
235 909 474 978 ἐπεδείκνυσαν
493 912 606 990 αὐτοῖς
625 915 891 998 συμβησόμενον,
914 911 973 979 έάν
990 937 1084 992 τινας

75 1011 196 1100 ἑτέρους
218 1018 278 1082 διδ
296 1018 421 1096 πολλάς
437 1016 493 1084 καὶ
511 1018 654 1103 μεγάλας
673 1019 861 1105 εὐεργεσίας
877 1018 1084 1106 προέλωνται
1203 1015 1207 1025 ’

75 1131 136 1198 ταῖς
157 1121 277 1201 αὐταῖς
298 1133 432 1208 τιμῆσαι
450 1127 601 1209 δωρεαῖς,
624 1115 677 1202 αἷς
694 1128 861 1202 Λατίνους
878 1123 906 1190 τ’
926 1125 1085 1211 ἐτίμησαν
1165 1109 1172 1124 ’

75 1225 123 1291 καῖ
142 1231 222 1305 τοὺς
246 1227 324 1312 μηδ’
347 1229 462 1295 ὁτιοῦν
480 1229 612 1312 ἀγαθὸν
630 1227 910 1315 ἀποδειξαμένους
918 1229 1083 1326 Ἕρνικας.

77 1342 142 1416 μιᾶς
162 1335 228 1419 γάρ
254 1333 530 1421 καταλειπομένης
552 1335 666 1414 αὐτοῖς
687 1339 797 1422 τρίτης
814 1339 960 1421 μερίδος,
982 1338 1002 1422 ἢ
1022 1337 1082 1422 οὐχ
1097 1363 1123 1406 ιο

77 1435 163 1523 ἕξειν,
186 1439 205 1504 δ
228 1463 264 1505 τι
288 1441 456 1507 δώσουσιν
480 1441 618 1519 ἐκείνοις
640 1439 738 1526 μέρος
761 1441 841 1526 δτὰ
860 1443 959 1526 όμοια
981 1453 1084 1529 ψηφι-

78 1543 232 1629 σαμένους
256 1541 360 1631 μηδὲν
384 1545 513 1624 ἑαυτοῖς
535 1551 755 1626 καταλείψειν.

133 1649 318 1718 LXXVIII.
363 1656 458 1740 Πρὸς
488 1650 526 1718 δέ
557 1655 687 1730 τούτοις
719 1652 911 1740 διεξῄεσαν,
943 1655 993 1720 ότι
1026 1657 1083 1740 δη-

79 1767 184 1838 μεῦσαι
211 1760 256 1824 τὰ
283 1759 379 1826 κοινά
406 1767 464 1842 τῆς
495 1763 622 1837 πόλεως
657 1759 893 1845 ἐπιβαλόμενος
923 1762 999 1827 οὔτε
1026 1771 1084 1846 τῆς

79 1865 188 1948 βουλῆς
214 1863 448 1950 ψηφισαμένης
475 1867 551 1932 οὔτε
578 1875 624 1954 τῷ
653 1867 831 1956 συνυπάτῳ
860 1869 1000 1952 δοκοῦν,
1026 1873 1083 1956 βίᾳ
1097 1893 1123 1936 ιε

79 1980 191 2054 κυροῦν
216 1969 376 2056 ἐμέλλησε
397 1974 457 2037 τὸν
480 1974 597 2055 νόμον,
620 1971 656 2048 δς
679 1972 720 2039 οὐ
743 1969 820 2037 καθ’
843 1973 880 2038 ἓν
903 1983 1001 2040 τοῦτο
1024 1979 1083 2059 μό-

79 2097 130 2139 νον
158 2072 201 2160 ἦν
230 2076 426 2162 ἀσύμφορός
455 2075 568 2142 τεκαὶ
595 2077 726 2161 ἄδικος,
758 2079 809 2144 ὅτι
836 2082 1083 2163 προβουλεῦσαι

80 2179 146 2246 δέον
167 2187 205 2249 τὸ
229 2181 409 2268 συνέδριον
427 2181 482 2250 καὶ
501 2186 532 2248 εί
549 2182 677 2262 δόξειεν
701 2183 815 2272 έκεῖνφ
837 2186 957 2269 κοινὴν
980 2184 1083 2250 ἁπάν-

81 2309 135 2352 των
153 2284 239 2354 είναι
257 2300 325 2354 τῶν
344 2287 381 2354 έν
399 2287 485 2354 τέλει
507 2290 569 2372 τὴν
587 2293 846 2374 φιλανθρωπίαν
867 2287 941 2367 ἑνὸς
959 2289 1083 2376 ἀνδρὸς

82 2390 172 2459 ε’ποίει
204 2398 268 2480 τὴν
297 2395 408 2481 χάριν·
441 2395 525 2461 ἀλλὰ
551 2393 608 2461 καλ
638 2392 709 2461 κατ’
742 2395 848 2462 έκεῖνο
879 2399 917 2462 τὸ
949 2385 1124 2499 πάντωνὲ0

83 2503 324 2584 σχετλιώτατον,
356 2502 407 2566 ότι
437 2505 525 2591 λόγφ
557 2496 619 2586 μέν
649 2503 742 2580 δόσις
768 2497 811 2585 ἦν
838 2514 907 2579 τοῖς
932 2507 1084 2580 πολίταις

82 2613 128 2688 τῆς
149 2607 310 2692 δημοσίας
330 2609 449 2693 χώρας,
472 2611 558 2698 ἔργφ
578 2603 608 2673 δ’
631 2607 816 2694 ἀφαίρεσις,
832 2606 1003 2695 Ῥωμαίων
1021 2607 1083 2694 μὲν

37 2717 138 2775 κοντῶν
158 2711 373 2798 κτησαμένων
393 2714 496 2797 αὐτὴν
515 2717 595 2798 μίαν
613 2725 734 2799 μοῖραν
753 2714 963 2800 ληψομένων,
976 2713 1084 2802 Ἑρνί-

83 2837 140 2881 κων
158 2815 194 2884 δὲ
217 2817 273 2885 καὶ
291 2823 460 2904 Λατίνων,
482 2815 521 2904 ἧς
539 2816 645 2887 οὐθέν
663 2821 776 2898 αὐτοῖς
793 2831 906 2907 μετῆν,
929 2824 987 2901 τάς
1008 2824 1083 2889 δύο·

84 2920 129 2986 καλ
152 2925 196 3002 ὡς
223 2922 303 2992 οὐδὲ
329 2937 399 3004 τοῖς
432 2926 612 3012 δημάρχοις
639 2925 872 2994 ἐναντιωθεῖσι
897 2928 954 2995 καὶ
980 2951 1083 3015 παρα·
1098 2953 1124 2994 ιε

145 3114 212 3184 Ιῆν
230 3115 280 3188 ἂν]
299 3115 336 3184 ἣν
356 3113 407 3172 έδτν
426 3118 477 3172 ΑΒ
501 3115 537 3184 ἣν
556 3116 632 3172 &vc
657 3119 687 3172 οῖ
704 3117 805 3172 Portus
914 3115 1084 3181 3έπίλυδας

85 3178 125 3236 Ba
188 3190 300 3257 ὀτρίτη
319 3189 421 3259 μερίδα
439 3188 486 3242 Ba
550 3195 583 3242 10
602 3190 679 3260 τρίτη
698 3189 873 3260 μερίδοςΒω
890 3187 1084 3260 τριτημορίδος

86 3249 106 3303 Α
133 3259 137 3322 l
167 3254 253 3329 ἦοόχ
277 3257 351 3325 ἕξειν
375 3259 417 3314 ὅτι
441 3259 578 3314 δώσουσιν
598 3255 717 3323 ἐκείνοις
740 3259 823 3331 μέρος
846 3276 899 3314 om.
925 3259 947 3314 Ο
970 3262 1084 3329 praeter

87 3321 151 3380 ABG
236 3335 267 3383 13
286 3329 357 3401 πρὸς
375 3329 411 3399 δὴ
431 3329 453 3384 Ο
474 3346 541 3384 corr.
563 3329 665 3398 Sylbur
771 3337 805 3384 14
824 3325 956 3402 έπιβαλλό
978 3331 1083 3394 ενοςΟ

88 3407 144 3448 corr.
162 3397 281 3470 Sylburg
353 3407 386 3454 21
408 3349 691 3474 σχετ<λι>ώτατονδ
725 3402 729 3470 Ι
764 3350 977 3474 <πολί>ταιςθ
1048 3407 1083 3457 24

90 3460 122 3525 οἷς
138 3469 220 3524 οόθδν
239 3472 325 3540 αὐτῆς
344 3489 366 3525 ο.
386 3471 530 3542 Kiessling
