2538 3884
519 227 685 279 -e-
1041 225 1105 289 κει

94 388 343 473 κεκακωμένους
369 391 448 465 τούς
472 389 696 464 Οὐιεντανοὺς
721 398 855 473 ταχεῖαν
883 388 988 464 οὐτως
1014 386 1107 452 ἀντε-

93 498 280 580 πιχείρησιν
302 497 385 560 κατὰ
407 505 468 561 τοῦ
486 494 670 560 ἀντιπάλου
687 497 898 578 ποιήσεσθαι.
929 493 1012 576 αὐτη
1031 496 1107 579 χρό-

93 625 153 666 νου
176 598 239 685 μὲν
262 605 359 685 μήκει
381 606 519 687 βραχεῖα
542 599 673 684 ἐγένετο
695 601 807 683 ἡτῶν
827 599 1040 665 Οὐιεντανῶν
1060 601 1142 676 είς8

92 709 149 791 τὴν
168 705 340 791 Ῥωμαίων
368 718 433 792 γῆν
460 707 600 792 ἐμβολή,
627 709 750 790 πλήθει
778 703 816 772 δὲ
840 708 964 791 χώρας,
990 705 1033 788 ἣν
1051 703 1106 770 έπ-

91 819 216 898 ῆλθον,
245 813 282 878 έν
309 825 379 890 τοῖς
404 813 494 878 πάνυ
522 813 662 897 μεγάλη,
690 811 744 878 καὶ
772 811 946 897 ἀχθηδόνα
969 813 1034 876 σὺν
1057 814 1106 876 αι’·
1134 837 1147 876 ε

92 921 196 1006 σχύνη
215 917 400 1005 ῬωμαίοιςΙ
415 917 505 1003 ἀήθη
529 916 692 1004 παρέσχεν
714 921 790 1004 ἀχρι
819 915 969 1002 Τιβέριός
990 940 1024 981 τε
1047 939 1106 982 πο-

91 1034 196 1109 ταμοῦ
227 1024 285 1090 καὶ
317 1027 417 1107 ὄρους
444 1023 608 1090 Ἰανίκλου
641 1023 759 1088 στάδια
790 1033 848 1107 τῆς
874 1021 998 1107 Ῥώμης
1029 1020 1100 1088 οὐδ’

91 1138 216 1196 είκοσιν
250 1130 438 1214 ἀφεστῶτος
469 1129 663 1216 ἀφικομένη.
720 1129 776 1212 [ἡ]
813 1131 1010 1195 κωλύσουσα
1042 1130 1106 1212 γὰρ

91 1239 232 1322 δύναμις
263 1235 316 1303 ἐπὶ
344 1243 460 1302 πλεῖον
490 1249 612 1321 χωρεῖν
640 1239 680 1300 τὰ
709 1234 850 1319 πολέμια
879 1236 941 1302 οὐκ
970 1231 1013 1320 ἦν
1040 1234 1105 1300 ὐπὸ

92 1347 253 1427 σημαίαις.
292 1346 420 1428 ἔφθασε
444 1353 529 1426 γοῦν
547 1345 584 1408 τὸ
602 1353 670 1407 τῶν
690 1342 903 1407 Οὐιεντανῶν
921 1343 1106 1430 στράτευμα
1121 1367 1146 1406 10

35 1448 169 1533 ιῖιυπρὶν
188 1449 254 1533 (Q)
273 1455 454 1516 συνελθεῖν
476 1473 511 1524 τε
534 1447 590 1515 καὶ
604 1453 812 1533 ’λοχισθῆναι
832 1451 911 1524 τούς
926 1445 1106 1532 Ῥωμαίους

91 1557 249 1621 ἀπελθόν.
505 1605 508 1610 -

156 1661 228 1726 XV.
255 1665 491 1746 Συναχθείσης
509 1656 547 1725 δὲ
565 1661 647 1744 μετὰ
664 1671 762 1726 τοῦτο
782 1661 882 1744 (τῆς)
900 1662 1023 1743 βουλῆς
1042 1660 1105 1726 ὑπὸ

91 1778 156 1833 τῶν
174 1767 313 1833 ὐπάτων
331 1765 388 1832 καλ
406 1764 552 1844 σκέψεως
570 1764 760 1850 γενομένης,
777 1771 852 1831 τίνα
870 1768 931 1852 χρὴ
949 1771 1106 1852 πολεμεῖν

90 1886 158 1951 τοῖς
183 1874 401 1950 Οὐιεντανοῖς
426 1875 567 1957 τρόπον,
594 1872 614 1955 ἡ
637 1883 762 1938 νικῶσα
785 1867 827 1956 ἦν
850 1873 982 1958 γνώμη,
1010 1874 1106 1958 στρύ-
1122 1897 1146 1937 ιε

90 2003 192 2066 τευμα
216 1982 419 2064 συνεστηκὸς
440 1981 529 2064 ἔχειν
548 1977 601 2043 ἐπὶ
619 1990 688 2056 τοῖς
706 1980 822 2066 ὁρίοις,
845 1979 863 2044 ὃ
883 1981 939 2044 διὰ
956 1986 1106 2062 φυλακῆς

90 2085 152 2166 ἔξει
185 2088 247 2170 τὴν
279 2088 391 2172 χώραν
423 2090 623 2170 θυραυλοῦν
655 2083 710 2172 καὶ
743 2084 808 2150 αίελ
839 2084 941 2170 μένον
971 2085 1007 2150 έν
1034 2097 1106 2160 τοῖς

91 2194 212 2270 ὅπλοις.
242 2193 356 2258 ἐλύπει
375 2186 406 2256 δ’
419 2191 542 2270 αὐτοὺς
559 2191 580 2274 ἦ
594 2188 621 2256 τ’
636 2193 685 2268 είς
697 2195 775 2268 τούς
788 2193 958 2275 φρουρούς
972 2192 1102 2275 δαπάνη

89 2301 196 2383 πολλὴ
229 2301 362 2384 σφόδρα
389 2295 546 2382 ἐσομένη,
578 2308 638 2363 τοῦ
666 2320 700 2362 τε
727 2306 845 2362 κοινοῦ
871 2301 1022 2380 ταμιείου
1050 2298 1105 2361 διὰ

89 2408 146 2482 τὰς
176 2417 327 2491 συνεχεῖς
356 2407 526 2489 στρατείας
555 2401 805 2487 ἐξαναλωμένου
833 2401 888 2468 καὶ
914 2413 981 2468 τῶν
1010 2404 1106 2468 ίδίων
1120 2426 1146 2465 ιο

90 2517 173 2595 βίων
201 2511 429 2596 ἀπειρηκότων
457 2522 528 2587 ταῖς
555 2512 741 2595 εἰσφοραῖς·
774 2508 829 2575 καὶ
857 2512 903 2574 ἔτι
931 2515 1057 2594 μᾶλλον
1084 2511 1104 2593 ἡ

91 2628 155 2683 τῶν
185 2615 506 2702 ἀποσταλησομένων
533 2627 693 2703 φρουρῶν
718 2616 911 2701 καταγραφὴ
935 2618 1009 2681 τίνα
1031 2620 1106 2702 τρό-

39 2737 153 2790 ιῖεοπον
177 2723 220 2788 ἀν
244 2722 387 2807 γένοιτο,
410 2723 454 2800 ὡς
477 2721 539 2788 οὐκ
557 2721 599 2787 δν
619 2721 781 2788 ἑκουσίων
799 2722 838 2805 γέ
854 2746 957 2787 τινων
974 2744 1106 2807 προκει-

160 2879 374 2948 2ποιήσασθαι
393 2878 472 2933 ABG
562 2884 578 2934 ὅ
605 2873 636 2933 έν
654 2886 716 2941 ταῖς
734 2878 810 2933 πάνυ
831 2879 852 2934 O
873 2897 942 2934 corr.
961 2879 1106 2950 Kiessling

13 2973 15 2986 ·
91 2959 105 3005 6
123 2949 255 3024 τιβέρεως
273 2949 327 3020 γάρ
345 2969 375 3005 τε
397 2955 417 3002 Α
433 2947 566 3022 ’τιβέρεύς
584 2969 613 3004 τε
633 2949 681 3002 Ba
702 2948 828 3023 τιβέριίις
846 2970 876 3005 τε
894 2950 942 3005 Bb
1016 2957 1030 3004 7
1052 2950 1106 3006 Ἰα-

91 3023 209 3077 νούκλον
228 3022 252 3075 Β
325 3028 342 3077 8
361 3019 520 3091 ἀφικομένη
537 3021 756 3076 ...κωλύσουσα
776 3024 797 3074 Β
816 3022 867 3090 ἀφ.
887 3021 904 3090 ἡ
924 3043 949 3076 κ.
969 3021 1013 3091 ΑΙ
1034 3023 1106 3091 ἀφε-

91 3129 221 3198 στηκότος
239 3128 285 3192 ΑΙ
305 3127 359 3197 γὰρ
378 3126 443 3180 οὐδ.
461 3126 509 3179 Bb
576 3133 591 3180 9
612 3122 659 3181 ἐπὶ
678 3130 804 3197 σημείαις
824 3127 845 3182 O
866 3124 910 3182 ίπλ
931 3112 1065 3197 σημέίαις
1085 3129 1104 3182 C

90 3201 141 3255 ὑπὸ
161 3201 296 3270 σημαίαις
314 3198 416 3253 Portus
472 3204 503 3250 11
524 3197 570 3251 *π
589 3197 616 3251 lv
635 3202 785 3254 συνελθεῖν
804 3199 827 3253 Ο
843 3196 950 3253 correxi
1005 3204 1038 3252 13
1056 3206 1105 3266 τῆς

91 3271 150 3327 add.
172 3271 297 3340 Sylburg
369 3275 404 3323 20
424 3263 636 3338 λξαναλωμενον
654 3269 701 3322 Ba
720 3265 944 3339 ἒξαναλονμένου
968 3269 993 3322 R
1070 3275 1104 3323 κθ

61 3402 73 3416 κ
91 3339 282 3412 προκειμένων
301 3342 326 3392 A
344 3341 531 3411 προκείμενον
549 3338 572 3391 Β
590 3339 817 3410 προκαθημένων
836 3358 859 3395 ο.
874 3339 1017 3408 Kiessling
1035 3359 1105 3410 προ-

91 3413 266 3468 κινδυνεύειν
291 3429 315 3467 ο.
336 3410 449 3466 ΚὸελΙὶῐι
471 3409 583 3463 Philolo
624 3429 636 3463 s
661 3415 695 3464 34
713 3413 806 3480 (1⁸75)
826 3418 877 3467 756
902 3414 907 3480 Ι
932 3413 997 3479 post
1019 3431 1105 3466 τινων

92 3485 150 3539 εδδ.
170 3484 272 3552 ὀλίγον
290 3482 339 3536 vel
358 3477 440 3537 ἐνίων
460 3481 568 3550 Kayser
611 3499 656 3535 nn.
673 3481 743 3550 phil.
761 3488 830 3538 1868
848 3500 875 3552 p.
892 3487 942 3538 817
1020 3527 1023 3534 ,
