2508 3882
198 213 265 276 254
621 213 787 262 -H-

197 396 265 458 χος,
296 372 334 437 ἐυ
361 367 389 461 ᾧ
416 375 454 439 τὸ
476 376 631 439 πλεῖστόν
654 396 689 438 τε
712 370 768 437 καὶ
790 370 1005 457 ἀπορώτατον
1028 379 1085 436 τοῦ
1106 370 1222 452 δημο-ιιι

197 489 291 546 τικοῦ
309 479 409 565 μέρος
427 479 647 564 ἐψηφοφόρει,
665 488 753 563 μιᾶς,
771 480 815 556 ὡς
833 477 889 544 καὶ
906 481 1069 563 πρότερον
1085 477 1191 561 εἴρηταί

197 609 266 670 μοι,
288 595 346 669 τῆς
369 583 507 670 ἐσχάτης
529 588 645 670 ψήφου
668 586 783 669 κύριος
805 580 858 667 ἦν.

262 691 444 756 LXXXIII.
482 691 788 776 Παραλαμβάνουσι
807 692 849 775 δή
872 692 933 774 τήν
951 690 1109 754 ὑπατείαν
1124 688 1190 753 κατὰ

170 801 233 864 ετὸ
264 797 510 883 ἑβδομηκοστόν
540 820 574 861 τε
603 795 660 862 καὶ
689 798 923 863 διακοσιοστὸν
955 799 1029 873 ἔτος
1058 794 1118 860 ἀπὸ
1142 803 1191 858 τοῦ

196 915 415 988 συνοικισμοῦ
444 914 502 988 τῆς
524 897 648 986 Ῥώμης
675 893 816 978 Λεύκιος
843 904 999 986 Αίμίλιος
1027 897 1189 985 Μαμέρκου

195 1013 269 1089 υίὸς
302 1009 358 1076 καὶ
391 1007 528 1076 Καίσων
562 1009 689 1093 Φάβιος
720 1012 895 1086 Καίσωνος
926 1010 1021 1092 υἱός,
1053 1009 1189 1092 άρχοντος

192 1113 352 1200 Ἀθήνησι
379 1117 585 1200 Νικοδήμου.
638 1107 688 1192 οἷς
718 1113 789 1180 κατ’
820 1116 921 1202 εὐχήν
952 1113 1078 1199 συνέβη
1103 1107 1188 1196 μηδὲν

194 1224 261 1290 ὑπὸ
279 1232 337 1305 τῆς
354 1228 523 1306 πολιτικῆς
541 1221 801 1307 ἐπιταραχθῆναι
826 1224 1040 1306 διχοστασίας
1057 1217 1188 1300 πολέμων

155 1309 255 1422 ,ἀυτήν
273 1332 373 1395 πόλιν
390 1330 616 1414 περιστάντων
634 1327 839 1396 ἀλλοεθνῶν.
885 1327 921 1392 ἐν
940 1330 1046 1394 ἀπασι
1068 1323 1124 1411 μὲν
1139 1318 1186 1388 οὖν

195 1438 309 1502 ἔθνεσι
332 1434 387 1501 καὶ
409 1439 521 1512 τόποις
538 1433 708 1518 Ἑλλήνων
725 1459 761 1500 τε
779 1431 834 1500 καὶ
852 1435 1035 1520 βαρβάρων
1052 1437 1187 1518 φιλοῦσιν

195 1545 232 1608 αλ
256 1553 323 1608 τῶν
355 1541 481 1620 ἔξωθεν
512 1553 623 1606 κακῶν
652 1540 840 1607 ἀνάπαυλαι
870 1539 1057 1626 ἐμφυλίους
1086 1562 1117 1604 τε
1144 1531 1185 1598 καὶ

195 1648 359 1733 ἐνδήμους
391 1647 531 1733 ἐγείρειν
563 1645 744 1730 πολέμους,
777 1649 917 1731 μάλιστα
950 1644 987 1712 δὲ
1020 1657 1114 1712 τοῦτο
1141 1639 1187 1705 πά-

195 1771 351 1838 σχουσιν,
384 1755 457 1821 ὅσοι
488 1755 688 1838 πολεμιστήν
721 1751 777 1818 καὶ
808 1757 1007 1819 κακόπαθον
1039 1753 1186 1838 αἱροῦνται

155 1877 181 1916 15
194 1862 271 1943 βίον
294 1859 486 1946 ἐλευθερίας
507 1885 542 1926 τε
564 1859 620 1926 καὶ
642 1859 821 1944 ἡγεμονίας
841 1864 949 1948 πόθφ.
980 1853 1122 1946 ,χαλεπαὶ
1137 1852 1186 1936 γάρ

195 1968 232 2032 αί
256 1973 426 2051 μαθοῦσαι
453 1977 514 2034 τοῦ
543 1969 697 2044 πλείονος
729 1967 883 2051 ἐφίεσθαι
915 1968 1037 2050 φάσεις
1067 1959 1186 2046 ἐξειργό-

194 2097 290 2160 μεναι
317 2086 384 2140 τῦυ
413 2077 574 2158 συνήθων
602 2076 709 2158 ἔργων
737 2085 922 2158 καρτερεῖν·
950 2071 1006 2138 καὶ
1031 2072 1086 2137 διὰ
1106 2074 1184 2132 τοῦτο

193 2183 229 2246 οί
193 2183 494 2267 οφρονιμώτατοι
521 2191 588 2244 τῶν
614 2179 789 2262 ἡγεμόνων
812 2179 868 2244 ἀεί
887 2203 979 2254 τινας
1001 2177 1040 2244 ἐκ
1061 2185 1123 2241 τῶν
1141 2169 1185 2234 ἆλ-

160 2295 346 2435 3λοεθνιῦν
364 2287 638 2373 ἀναζωπυροῦσιν
660 2287 793 2370 ἔχθρας,
815 2287 1004 2369 κρείττονας
1029 2282 1184 2367 ήγοὺμενοι

153 2372 262 2488 2*ἷζτῦν
281 2393 442 2460 ἐντοπίων
460 2391 614 2477 πολέμων
631 2395 710 2468 τοὺς
731 2389 950 2467 ἀλλοδαπούς.
986 2394 1060 2456 τότε
1078 2384 1106 2453 δ
1127 2377 1225 2461 οὖν,111

167 2449 303 2586 0ὥσπερ
327 2503 423 2585 ἔφην,
445 2501 527 2565 κατὰ
550 2500 694 2583 δαίμονα
716 2509 786 2573 τοῖς
809 2497 946 2574 ὑπάτοις
969 2496 1145 2562 συνέπεσον
1159 2484 1187 2550 αἱ

193 2619 259 2672 τῶν
282 2607 438 2690 ὑπηκόων
457 2605 700 2682 ἐπαναστάσεις.
748 2603 957 2669 Οὐολοῦσκοι
979 2603 1092 2686 γάρ,ε
1078 2604 1136 2664 εἴτε
1154 2598 1184 2673 τῇ

192 2718 343 2796 πολιτικῇ
367 2709 534 2796 Ρωμαίων
556 2713 684 2794 κινήσει
707 2710 941 2784 πιστεύσαντες
963 2709 1008 2785 ὡς
1032 2703 1184 2774 ἐκπεπολε-

193 2816 347 2900 μωμένου
374 2827 435 2882 τοῦ
466 2818 647 2901 δημοτικοῦ
669 2818 752 2900 πρὸς
773 2818 851 2892 τοὺς
873 2813 911 2880 ἐν
933 2813 1030 2898 τέλει,
1058 2819 1118 2879 είτε
1140 2811 1186 2885 τῆς

153 2942 179 2983 2⁶
193 2921 355 3009 προτέρας
381 2923 479 3006 ήττης
506 2920 646 3008 ἀμαχητὶ
674 2921 855 3006 γενομένης
877 2923 1017 3007 αίσχὺνη
1040 2912 1184 3004 παροξυν-

65 3059 67 3064 ·
193 3029 325 3114 θέντες,
355 3026 436 3112 <είτ’
463 3027 537 3114 ἐπὶ)
560 3039 631 3106 ταῖς
654 3026 781 3094 ἑαυτῶν
804 3030 966 3113 δυνάμεσι
987 3032 1120 3099 πολλαῖς
1140 3016 1185 3082 οὗ·

156 3141 178 3205 4
193 3155 267 3215 σαις
285 3134 368 3220 μέγα
386 3138 626 3222 φρονήσαντες,
646 3133 786 3200 είτεδιά
804 3145 906 3201 ταῦτα
923 3134 1031 3199 πάντα
1048 3133 1184 3210 πολεμεῖν

264 3328 351 3399 3κὺρ
353 3348 397 3383 ιον
415 3327 468 3382 ΑΒ
558 3334 589 3382 11
608 3346 638 3382 τε
658 3326 722 3380 add.
741 3327 767 3380 A
853 3332 886 3380 14
904 3328 1058 3449 κακοπαθχ
1077 3339 1098 3377 c.
1112 3313 1184 3372 Cobet

192 3402 296 3469 Oba.p
299 3405 371 3455 ,171
465 3406 497 3455 16
516 3403 663 3454 παθοῦσαι
682 3396 735 3452 ΑΟ
822 3403 856 3451 23
876 3391 995 3465 ἐκπολεμ
997 3413 1103 3466 ωμνον
1119 3381 1183 3441 ABG

192 3479 226 3526 26
246 3419 296 3526 εἴτ’
319 3467 365 3524 ἐπὶ
384 3471 447 3527 add.
468 3469 588 3542 Sylburg
