2538 3884
161 167 228 234 334
584 167 751 220 -θ-

159 330 219 395 τὸν
241 331 443 414 Σερουίλιον
469 329 665 412 καταλαβὼν
691 329 852 406 κίνδυνος
877 329 1035 394 τοιούτου
1061 327 1188 406 τέλους

159 439 284 520 ἔτυχεν.

225 541 397 608 XXXIIII.
441 541 492 608 Οὐ
523 546 635 628 πολλῷ
667 537 697 606 θ’
728 541 870 627 ὕστερον
899 544 1011 630 χρόνῳ
1041 540 1189 625 στρατιά

154 645 325 733 Ῥωμαίων
343 647 483 732 ἐξῆλθεν
501 644 555 714 ἐπὶ
573 651 768 733 Τυρρηνοὺς
785 650 925 731 ἄγοντος
942 644 1092 732 θατέρου
1111 657 1189 712 τῶν

132 753 294 822 ιύπάτωυ
326 759 481 821 Ποπλίου
515 753 710 836 Οὐαλερίου.
757 753 898 838 συνέστη
930 754 994 838 γὰρ
1027 748 1133 831 αὖθις
1163 752 1186 836 ἡ

161 860 374 927 Οὐιεντανῶν
397 862 539 946 δύναμις
556 859 798 946 προσθεμένων
816 860 929 937 αὐτοῖς
947 862 1123 945 Σαβίνων,
1149 863 1189 925 οἳ

159 965 239 1044 τέως
270 967 447 1044 ὀκνοῦντες
477 966 590 1045 αὐτοῖς
621 966 833 1052 συνάρασθαι
862 977 923 1033 τοῦ
952 964 1104 1050 πολέμου
1135 966 1184 1042 ὡς

159 1071 334 1137 άθυνάτων
364 1070 565 1157 ἐφιεμένοις,
593 1070 675 1155 τότ’,
705 1073 819 1157 ἐπειδὴ
845 1073 907 1156 τήν
933 1095 969 1136 τε
995 1075 1252 1156 Μενηνίουιεεε

158 1177 271 1261 φυγὴν
293 1181 444 1262 ἔγνωσαν
466 1176 603 1244 καὶτὸν
625 1177 847 1264 ἐπιτειχισμὸν
870 1189 930 1244 τοῦ
953 1181 1097 1262 πλησίου
1119 1187 1183 1260 τῆς

120 1309 145 1350 ιο
154 1280 278 1367 Ῥώμης
299 1285 411 1369 ὐραυς,
434 1291 697 1350 τεταπεινῶσθαι
718 1288 913 1368 νομίσαντες
935 1283 993 1360 τάς
1014 1307 1051 1348 τε
1074 1284 1180 1349 συνά-

159 1412 231 1473 μεις
256 1390 314 1467 τὰς
331 1388 499 1475 Ῥωμαίων
526 1388 581 1456 καὶ
608 1392 645 1457 τὸ
672 1394 830 1476 φρόνημα
851 1398 909 1474 τῆς
929 1393 1059 1466 πόλεως
1080 1389 1181 1474 ἡττῆ-

159 1503 258 1580 σθαι,
287 1497 540 1581 συνελάμβανον
565 1508 635 1575 τοῖς
663 1501 848 1582 Ίυρρηνοῖς
870 1497 999 1580 πολλὴν
1022 1494 1179 1562 ἀποστεί-

122 1606 275 1679 2λαντες
311 1604 463 1687 δύναμιν.
518 1604 554 1669 οί
587 1599 625 1668 θέ
658 1600 857 1669 Οὐιεντανοὶ
893 1611 933 1687 τῇ
965 1625 999 1667 τε
1032 1599 1179 1688 σφετέρᾳ

158 1707 298 1791 δυνάμει
327 1711 524 1786 πεποιθότες
553 1706 609 1776 καὶ
638 1718 678 1794 τῇ
708 1712 869 1795 Σαβίνων
897 1705 1018 1774 νεωστὶ
1046 1707 1176 1792 ἡκούσῃ

119 1835 145 1876 ιι
158 1809 214 1876 καὶ
241 1812 300 1889 τὰς
323 1815 411 1900 παρὰ
433 1825 502 1880 τῶν
523 1816 635 1882 ἄλλων
662 1819 846 1901 Ῥυρρηνῶν
869 1814 1062 1900 ἐπικουρίας
1083 1835 1176 1899 περι·
1260 1861 1261 1906 η

157 1914 314 2001 μένοντες
339 1923 533 2005 προθυμίαν
561 1918 622 2006 μὲν
650 1918 741 2008 εἶχον
770 1919 824 1987 ἐπὶ
846 1923 908 2006 τὴν
926 1918 1054 2006 Ῥώμην
1078 1920 1176 1986 ἐλαύ-

157 2045 230 2090 νειν
259 2032 298 2110 τῇ
328 2027 458 2092 πλείονι
487 2037 545 2112 τῆς
575 2026 734 2114 σφετέρας
763 2035 932 2114 στρατιάς,
961 2028 1006 2104 ῶς
1033 2027 1176 2104 οὐθενὸς
1259 2057 1260 2091 ι

157 2129 271 2208 αὐτοῖς
298 2132 398 2217 ὁμόσε
426 2138 652 2220 χωρήσοντος,
679 2133 763 2199 ἀλλὰ
786 2135 881 2199 ὐυείν
902 2133 1066 2219 θάτερον,
1093 2132 1115 2216 ἢ
1140 2132 1176 2198 ἐκ

156 2241 363 2322 τειχομαχίας
389 2239 583 2325 αίρησοντες
609 2241 671 2324 τὴν
697 2241 797 2305 πόλιν
821 2238 842 2323 ἢ
865 2244 950 2326 λιμῷ
973 2242 1176 2323 κατεργασό·

116 2326 143 2437 2⁸35
157 2364 261 2425 μενοι.
297 2347 424 2429 ἔφθασε
448 2342 486 2412 δέ
508 2348 569 2431 την
587 2345 791 2430 ἐπιχείρησιν
808 2344 920 2412 αὐτῶν
938 2345 958 2411 ὁ
979 2343 1175 2430 Οὐαλέριος,

135 2443 195 2546 Ιἐν
222 2442 249 2535 93
278 2452 326 2516 ἐτι
353 2453 491 2536 ἔμελλον
514 2452 636 2518 ἐκείνοι
658 2450 714 2518 καὶ
735 2454 815 2528 τοὺς
836 2451 1068 2536 ὑστερίζοντας
1091 2466 1175 2534 συμ

157 2551 283 2635 μάχους
304 2555 484 2642 ἀνέμενον,
511 2558 610 2636 αὐτὸς
632 2557 767 2642 ἀγαγὼν
785 2553 954 2642 Ῥωμαίων
975 2557 1038 2640 τὴν
1060 2561 1174 2643 κρατί-

157 2670 238 2737 στην
266 2659 375 2747 ἀκμὴν
403 2663 517 2731 καὶτὸ
540 2665 630 2750 παρά
651 2675 719 2730 τῶν
742 2663 924 2748 συμμάχων
947 2662 1173 2749 ἐπικουρικόν,
1255 2745 1256 2762 ᾖ

155 2757 219 2823 οὐκ
242 2762 279 2829 ἐκ
300 2778 361 2833 τοῦ
383 2781 533 2857 φανεροῦ
554 2770 776 2855 ποιησάμενος
797 2771 860 2854 τὴν
883 2769 1010 2853 ἔξοδον,
1033 2767 1107 2835 ἀλλ’
1129 2769 1173 2845 ὡς

115 2879 141 2919 ²⁶
155 2863 297 2942 μάλιστα
324 2876 487 2957 λήσεσθαι
513 2876 636 2954 αὐτοὺς
662 2879 787 2960 ἔμελλε.
836 2876 1014 2962 προελθὼν
1042 2876 1108 2962 γὰρ
1136 2873 1172 2941 ἐκ

175 3119 181 3137 ἱ
228 3063 455 3134 λσυναίρασθαι
473 3067 519 3123 Ba
592 3074 625 3123 10
643 3086 673 3123 τε
692 3066 747 3123 del.
764 3083 825 3121 εειθ
843 3067 941 3122 censet
957 3065 1063 3120 Reiske
1137 3074 1168 3121 11

152 3137 202 3182 τας
222 3133 289 3186 ante
305 3133 447 3206 Ῥωμαίων
471 3139 577 3195 add.B
660 3143 692 3193 15
716 3138 766 3192 καὶ
784 3137 849 3192 add.
868 3136 942 3206 (ἕως
970 3141 975 3205 Ι
1006 3138 1039 3191 οὐ
1058 3136 1170 3208 περιμέ-

152 3205 252 3259 ἐθνῑόε
270 3219 293 3259 0.
312 3206 416 3264 Reiske
479 3217 512 3265 17
531 3207 743 3279 τησφετέραςΒ
804 3214 838 3264 19
856 3207 1100 3278 κατεργασάμενοι
1119 3208 1170 3262 ΔΒ
1252 3209 1253 3212 ’

151 3273 430 3345 κο’τεθίθῑσόμενοιθ
529 3287 562 3334 21
588 3279 639 3349 ἐτι]
660 3279 756 3335 ἐτειΒ
854 3285 888 3334 22
908 3277 1051 3349 Ῥωμαίων
1070 3295 1127 3335 om.
1145 3281 1170 3333 A

150 3327 434 3467 Ξῗθὲἴικὲιιὲρικ<ὸ>ν
452 3351 475 3405 Β
539 3356 572 3404 26
591 3349 686 3417 λήσειν
704 3367 728 3405 ο.
747 3349 837 3405 Cobet
855 3349 921 3406 obs.
940 3368 967 3419 p.
983 3355 1036 3405 180
1056 3352 1061 3420 Ι
1084 3368 1171 3427 προρ-
