2508 3882
557 207 724 256 ..Η-

132 363 267 452 κατέσχε
286 367 346 432 τὸν
369 361 464 434 οἶκον
489 367 628 452 οίμωγή,
651 361 727 432 ὥστ’
750 361 802 430 ἐπὶ
824 363 909 429 πολὺ
930 358 1055 447 [μέρος]
1075 357 1148 438 ἐξα-

132 478 321 557 κουσθῆναι
344 481 402 556 τής
424 475 551 551 πόλεως
568 474 630 558 τήν
652 473 737 558 βοήν
759 466 815 536 καλ
833 470 971 554 μεστοὺς
988 463 1148 550 γενέσθαι

98 579 211 656 2τοὺς
233 577 333 662 έγγὸς
359 588 418 663 τῆς
444 581 550 656 οἰκίας
566 580 760 656 στενωποὺς
783 578 892 661 όχλου.
937 568 1042 639 ἔπειθ’
1068 573 1090 655 ή
1113 594 1148 636 τε

136 685 303 771 Οὐαλερία
325 685 426 751 πάλιν
449 682 561 772 ἑτέρας
583 683 721 764 ἐξέτεινε
743 683 868 770 μακρὰς
884 677 940 746 καὶ
963 683 1150 764 συμπαθεῖς

107 792 279 875 οδεήσεις,
305 792 344 857 αἵ
367 789 395 857 τ’
422 793 520 858 άλλαι
550 801 706 875 γυναίκες
727 792 764 857 αί
784 789 866 855 κατὰ
887 789 1002 874 φιλίαν
1025 785 1046 870 ή
1069 799 1149 868 συγ-

134 897 267 982 γένειαν
292 895 428 987 έκατέργ
450 909 517 964 τῶν
539 908 709 981 γυναικῶν
729 898 968 984 προσήκουσαι,
990 889 1046 959 καλ
1067 912 1150 976 παρ-

135 1003 255 1090 έμενον
284 1008 487 1091 λιπαροῦσαί
512 1027 547 1070 τε
577 1001 633 1069 καὶ
662 1003 815 1087 γονάτων
843 1000 1040 1084 ἁπτόμεναι,
1069 993 1145 1063 ὥστ’

136 1109 197 1175 οὐκ
224 1111 362 1195 ἔχουσα,
394 1109 412 1175 ὅ
440 1133 473 1176 τι
501 1111 595 1197 πάθη
624 1112 707 1197 πρὸς
734 1112 813 1186 τοὺς
842 1108 1011 1194 ὀδυρμοὺς
1038 1102 1151 1168 αὐτῶν

135 1212 191 1279 καλ
212 1216 271 1292 τάς
292 1217 418 1293 πολλάς
441 1217 585 1301 δεήσεις,
614 1211 700 1295 είξεν
723 1216 744 1300 ή
769 1215 955 1300 Οὐετουρία
981 1208 1036 1276 καλ
1062 1206 1151 1274 τελέ-

98 1341 123 1380 ιο
137 1334 210 1385 σειν
235 1321 298 1404 τήν
325 1325 504 1408 πρεσβείαν
532 1320 617 1410 ὑπὲρ
643 1331 701 1407 τῆς
729 1322 888 1408 πατρίδος
908 1315 1067 1403 ὑπέσχετο
1089 1317 1152 1398 τήν

135 1448 172 1491 τε
202 1437 344 1510 γυναῖκα
371 1437 432 1494 τοῦ
454 1432 613 1516 Μαρκίου
640 1431 879 1515 παραλαβοῦσα
905 1423 960 1490 καλ
986 1423 1026 1490 τά
1054 1419 1153 1486 τέκνα

102 1530 192 1600 3καὸ
215 1543 282 1598 τῶν
305 1533 416 1627 άλλωγ
439 1536 620 1601 πολιτίδων
638 1535 696 1612 τὰς
718 1531 931 1620 βουλομένας.
977 1530 1014 1595 αί
1029 1523 1090 1614 μὸν
1110 1527 1152 1610 δή

137 1649 324 1721 περιχαρεῖς
355 1641 532 1724 γενόμεναι
560 1640 616 1707 καλ
642 1643 721 1719 τοὺς
747 1643 851 1717 θεοὺς
877 1635 1227 1719 έπικαλεσάμεναιιεοε

138 1740 365 1823 συλλαβέσθαι
388 1747 483 1828 σφίσι
505 1755 563 1830 τής
585 1746 719 1825 ἐλπίδος
741 1742 890 1833 ἀπῄεσαν
909 1744 945 1810 έκ
967 1751 1025 1826 της
1047 1741 1156 1816 οίιιίας

99 1864 123 1904 ιε
138 1840 194 1908 καλ
216 1848 461 1930 προσήγγειλαν
480 1852 520 1915 τά
540 1856 703 1938 γενόμενα
722 1863 792 1930 τοῖς
809 1851 960 1927 ὑπάτοις·
984 1849 1019 1914 οἱ
1035 1844 1073 1913 δὸ
1090 1847 1155 1930 τήν

136 1952 331 2034 προθυμίαν
359 1953 470 2020 αὐτῶν
493 1955 725 2037 ἐπαινέσαντες
752 1958 959 2026 συνεκάλουν
985 1956 1047 2039 τήν
1075 1956 1157 2037 βου-

137 2055 200 2138 λήν
222 2053 277 2119 καλ
300 2054 457 2143 περὶτῆς
480 2059 597 2140 ἐξόδου
625 2076 692 2131 τῶν
715 2075 901 2149 γυναικῶν,
929 2064 961 2128 εί
982 2079 1156 2146 συγχωρη-

136 2155 212 2225 ve‘ov
236 2159 360 2246 αὐταῖς,
381 2169 562 2251 γνωμηδὸν
581 2168 824 2237 ἐπυνθάνοντο.
868 2165 987 2236 πολλοὶ
1010 2163 1073 2252 μὸν
1091 2159 1157 2232 οὖν

138 2261 323 2349 ἐλέχθησαν
359 2266 415 2334 καὶ
447 2275 537 2359 παρὰ
568 2280 703 2342 πολλῶν
734 2279 848 2360 λόγοι,
884 2272 939 2341 καί
971 2271 1068 2359 μέχρι
1099 2278 1159 2354 τῆς

98 2349 277 2458 βοέαπέρας
299 2372 488 2441 διετέλεσαν
511 2379 530 2443 ὅ
552 2402 584 2445 τι
607 2382 670 2466 χρή
694 2393 804 2449 ποιεῖν
827 2384 1078 2468 βουλευόμενοι.
1124 2379 1161 2444 οί

138 2467 199 2550 μὲν
227 2475 289 2558 7ὰο
318 2477 359 2540 οὐ
386 2483 506 2565 μικρὸν
534 2483 720 2569 ἀπέφαινον
744 2483 831 2554 εἶναι
860 2497 900 2573 τῇ
923 2489 1020 2552 πόλει
1042 2484 1158 2551 κινδύ-

137 2597 243 2656 νευμα
266 2590 425 2657 γυναῖκας
445 2585 512 2668 ἅμα
528 2586 658 2668 τέκνοις
675 2595 724 2670 είς
740 2597 911 2680 πολεμίων
930 2592 1158 2680 στρατόπεδον

137 2678 362 2757 πορευομένας
399 2683 506 2750 ἐᾶσαι·
545 2693 577 2754 εί
611 2696 675 2778 γάρ
709 2698 823 2776 αὐτοῖς
853 2699 1054 2784 ὑπεριδοῦσι
1091 2707 1158 2763 τῶν

138 2778 386 2859 νενομισμένων
410 2785 512 2851 ὁσίων
534 2797 613 2876 περί
632 2818 669 2859 τε
686 2806 863 2887 πρεσβείας
880 2801 937 2869 καὶ
957 2805 1085 2880 ίκεσίας
1103 2804 1159 2868 δό-

210 2932 224 2978 1
244 2927 258 2956 *
272 2927 354 2997 μέρος
372 2933 465 2988 delevi
519 2947 535 2993 9
552 2945 709 3017 Οὐετουρία
723 2957 773 3010 καλ
787 2957 865 3022 τέλος
879 2960 967 3033 ἀπῄει
980 2960 1034 3029 τὴν
1048 2979 1078 3014 π.
1095 2961 1121 3014 δ.
1136 2979 1159 3013 τ·

138 3011 167 3045 π.
186 2999 358 3076 ποιησαμένη
376 2999 412 3066 ἣν
434 3004 569 3084 ὑπέσχετο
589 3013 612 3096 Ο
634 3025 749 3085 praeter
767 3029 791 3080 B
903 3037 937 3085 14
954 3033 1022 3101 post
1046 3026 1163 3092 έλπίδοε

139 3064 247 3130 septem
264 3066 423 3124 htterarum
441 3073 528 3131 htura
542 3082 572 3148 B,
595 3103 626 3138 m
643 3087 748 3148 lacuna
765 3097 856 3154 fuisse
870 3099 949 3164 τέλος
966 3119 991 3156 0.
1012 3101 1163 3170 Kieflflliflss

140 3136 173 3185 18
200 3136 348 3204 γνωμηδὸν
376 3135 585 3221 ἐπυνθάνοντο]
615 3159 728 3229 γνώμας
755 3169 988 3227 διεπυνθάνοντο
1017 3189 1041 3230 ο,
1071 3171 1164 3227 Οοὸθὸ

140 3199 205 3256 Οὸε.
223 3220 250 3271 p.
267 3213 330 3276 164,
354 3209 404 3262 sed
427 3215 520 3268 exstat
537 3228 686 3292 γνωμηδὸν
710 3238 788 3302 apud
812 3241 997 3298 Eustathium
1020 3243 1059 3297 ad
1077 3243 1163 3298 Iliad.

138 3269 232 3392 {⁸224
336 3283 368 3330 19
388 3280 444 3368 καλἱ
460 3285 629 3376 antepono&
648 3296 701 3354 del
723 3303 815 3365 Cobet
834 3311 901 3370 Obs.
920 3319 1020 3384 p.164
1128 3319 1166 3368 20

183 3345 297 3398 τλεσαν
315 3345 331 3400 ό
348 3366 375 3399 τι
397 3369 449 3418 χρη
468 3369 560 3409 ποιειν
584 3362 784 3439 βουλευόμενοι
808 3380 839 3435 ολ
859 3383 912 3452 μὲν
931 3383 1009 3439 AOb
1039 3387 1066 3440 δ.
1091 3385 1165 3439 ἄπο·

140 3415 253 3470 ροῦντες
271 3412 314 3467 ὅτι
331 3436 356 3483 χ.
375 3435 403 3470 π.
423 3417 454 3472 οί
469 3421 520 3489 μὸν
538 3425 561 3477 Β
633 3441 667 3488 22
687 3447 866 3513 στρατόπεδα
884 3453 907 3506 Β
