2538 3884
575 218 745 270 ..Θ-

153 379 172 446 ὁ
191 380 379 457 συνύπατος
397 379 501 446 αὐτοῦ
515 382 705 463 Ποστόμιος
722 415 759 426 -
775 373 862 463 ἦσαν
880 374 919 443 δὲ
936 375 1035 463 μέσαι
1052 379 1174 458 νύκτες

40 475 72 562 Ὗ,
155 485 307 576 μάλιστα,
331 485 385 552 ὅτε
407 486 443 552 οί
464 486 571 562 ἱππεῖς
594 483 755 570 ἀφίκοντο
769 521 814 532 -
833 485 889 549 διὰ
911 486 1067 570 κηρύκων
1090 490 1234 552 πολ-1911

154 596 223 657 λῶν
245 594 323 669 τοὺς
345 592 527 676 βουλευτὰς
550 589 586 656 έκ
611 601 679 656 τῶν
702 592 818 657 οἰκιῶν
837 590 1024 656 συνεκάλει·
1047 588 1105 656 καὶ
1124 595 1175 674 γί-

155 720 246 763 νεται
274 698 381 783 δόγμα
403 701 545 782 βουλῆς,
570 693 650 782 πρὶν
673 694 801 782 ἡμέραν
824 697 977 784 λαμπρὰν
1000 696 1175 783 γενέσθαι,

127 828 141 868 ι
159 807 259 869 Τῖτον
277 800 339 887 μὲν
352 805 512 869 Κοίντιον
530 804 590 869 τὸν
608 802 840 868 ὑπατεύσαντα
856 805 895 869 τὸ
908 805 1035 889 τρίτον,
1052 805 1174 889 ἔχοντα

155 912 233 987 τοὺς
264 908 504 995 ἀκμαιοτάτους
534 919 603 974 τῶν
634 907 721 975 νέων
753 910 871 988 πεζούς
901 933 936 974 τε
966 906 1023 974 καὶ
1053 910 1174 995 ἱππεῖς,

157 1015 240 1100 ἀρχῇ
258 1013 471 1101 κοσμηθέντα
489 1014 672 1103 άνθυπάτφ
690 1023 812 1099 χωρεῖν
831 1011 883 1079 ἐπὶ
901 1017 979 1092 τοὺς
992 1018 1174 1100 πολεμίους

157 1119 189 1199 ἐξ
213 1119 353 1205 έφόδου·
376 1116 492 1187 Αὖλον
511 1117 549 1186 δὲ
568 1123 762 1205 Ποστόμιον
784 1122 844 1187 τὸν
867 1119 980 1207 ἕτερον
1002 1132 1071 1187 τῶν
1088 1122 1173 1187 ὑπά-

155 1248 223 1290 των
250 1226 308 1302 τάς
334 1227 450 1303 λοιπάς
479 1226 636 1310 δυνάμεις
667 1229 915 1310 συναγαγόντα,
941 1226 981 1304 ἃς
1003 1228 1070 1292 ἔδει
1091 1253 1173 1313 χρο-

117 1357 143 1398 ιο
157 1332 316 1417 νιάτερον
348 1337 543 1417 συνελθεῖν,
578 1332 622 1410 ῶς
656 1331 699 1397 άν
729 1332 818 1420 αὐτῷ
849 1331 969 1418 τάχους
997 1331 1174 1418 ἐγγένηται

29 1465 51 1494 u
76 1465 94 1493 Χ»
121 1443 306 1524 3βοηθεῖν.
342 1436 447 1522 ἡμέρα
472 1435 501 1502 δ’
520 1439 584 1523 ἤδη
608 1435 784 1531 διέφωσκε,
806 1435 862 1533 καὶ
880 1438 898 1504 ό
918 1441 1074 1515 Κοίντιος
1092 1455 1174 1505 συν-

155 1547 258 1629 ήγαγε
281 1547 359 1621 τοὺς
381 1543 558 1620 έθελοντόις
579 1547 863 1630 πεντακισχιλίους
880 1542 1010 1629 μάλιστ’
1032 1546 1173 1627 ἄνδρας·

155 1649 210 1716 καὶ
241 1651 282 1716 οὐ
310 1653 396 1716 πολὺ
424 1650 566 1736 έπισχῶν
595 1648 710 1734 ἐξῆγεν
737 1649 774 1716 έκ
801 1660 858 1734 τῆς
883 1653 1020 1728 πόλεως.
1070 1651 1170 1743 τοῦθ’

155 1757 420 1834 ὑποπτεύσαντες
443 1758 563 1840 έμενον
585 1757 621 1820 οί
636 1753 779 1822 Αἰκανοὶ
797 1754 851 1822 καί
869 1754 950 1843 πρὶν
969 1757 1085 1823 ἐλθεῖν
1105 1758 1174 1824 ἑπι-

117 1884 143 1925 15
156 1863 295 1946 κουρίαν
322 1872 392 1938 τοῖς
408 1858 578 1944 Ῥωμαίοις
605 1863 827 1948 προσβάλλειν
850 1871 896 1949 τῷ
918 1861 1036 1949 χάρακι
1060 1863 1229 1931 αὐτῶνῖόεε

156 1963 256 2052 (καὶ)
285 1964 521 2050 διανοηθέντες
552 1968 597 2045 ὡς
628 1972 685 2056 βία
716 1965 772 2033 καὶ
803 1969 925 2052 πλήθει
957 1967 1174 2055 ἁλωσόμενον

120 2072 300 2158 4ἐξῖηλθον
332 2072 453 2159 ἀθρόοι
485 2075 561 2159 διχῇ
593 2077 764 2158 νείμαντες
796 2074 926 2151 αὑτούς.
976 2078 1108 2158 γίνεταί
1139 2101 1173 2144 τε

157 2179 260 2266 μέγας
288 2179 379 2263 ἀγὼν
407 2176 451 2244 δι’
478 2179 557 2264 ὅλης
582 2188 640 2264 τῆς
667 2177 790 2266 ἡμέρας
817 2182 938 2265 ίταμῶς
964 2180 1076 2247 αὐτῶν
1104 2183 1173 2248 ἐπι-

158 2289 344 2371 βαινόντων
374 2298 443 2364 τοῖς
472 2289 720 2372 προτειχίσμασι
747 2287 829 2351 κατὰ
854 2287 961 2353 πολλά
988 2286 1087 2374 μέρη,
1118 2289 1173 2355 καὶ

117 2415 144 2456 εο
158 2393 234 2458 ούτε
257 2398 390 2458 παλτῶν
411 2393 488 2458 οὔτε
510 2396 619 2476 βελῶν
642 2393 706 2459 ὑπὸ
729 2391 874 2471 τοξοτῶν
897 2393 974 2458 ούτε
996 2395 1173 2479 χερμάδων

156 2498 221 2565 άπὸ
241 2500 427 2584 σφενδόνης
445 2495 633 2583 ἀφιεμένων
652 2498 873 2576 ἀδιαλείπτοις
891 2503 1005 2583 βολαῖς
1020 2499 1174 2587 ἀνειργο-

157 2602 275 2688 μένων.
311 2606 395 2669 ἔνθα
420 2605 461 2688 δὴ
480 2604 806 2690 παρακελευσάμενοι
825 2603 980 2689 ἀλλήλοις
997 2605 1015 2670 ὅ
1034 2629 1070 2671 τε
1088 2607 1174 2673 ὕπα-

156 2733 212 2786 τος
239 2709 293 2776 καί
321 2711 339 2777 ό
367 2712 568 2797 πρεσβευτὴς
594 2708 652 2797 ὑφ’
680 2711 739 2777 ἕνα
765 2713 882 2798 καιρὸν
910 2711 1174 2792 ἀναπετάσαντες

230 2899 386 2975 1μέσ<αι>
404 2902 518 2966 νύκταις
535 2901 582 2957 Ba
642 2907 658 2956 5
680 2903 775 2957 Τίτιον
794 2902 839 2955 Ba
899 2909 915 2956 9
935 2905 1173 2975 συνειςαγαγόντοι

157 2971 202 3026 Ba
258 2977 291 3024 10
310 2977 458 3027 συνελθεῖν
477 2972 513 3028 διν
531 2973 633 3042 τάχους
649 2971 676 3025 A
735 2979 767 3026 11
787 2969 962 3041 διεπέφωσκε
982 2974 1004 3028 0
1024 2971 1171 3045 έπέφωσκε

157 3061 180 3099 ο.
191 3041 313 3098 Dindorf
323 3043 353 3096 in
369 3044 464 3114 steph.
474 3044 556 3100 Thes.
567 3061 588 3099 ε.
599 3061 624 3097 v.
636 3044 825 3112 διεπιφόισκω,
840 3043 979 3113 διέφωσκε
993 3061 1017 3100 ο.
1027 3045 1172 3118 Kiessling

159 3121 191 3169 12
217 3110 369 3176 ἐθέλοντας
392 3113 414 3168 0
438 3116 513 3182 quod
537 3115 590 3169 def.
610 3113 723 3168 Lobeck
746 3116 782 3168 ad
806 3115 907 3184 Phryn.
930 3135 958 3186 p.
979 3123 994 3170 7
1018 3111 1171 3180 ἐθελοντὰς

158 3187 278 3256 Sylburg
376 3192 409 3240 14
433 3183 574 3255 έμενονΟ
599 3183 712 3255 ἔμελλον
732 3201 754 3239 c.
775 3185 897 3254 Sylburg
913 3186 985 3240 nihil
1003 3190 1172 3244 mutandum

157 3261 202 3313 est
263 3254 609 3324 16κα1εᾶδ.Κ1εεε11ορ
629 3257 633 3324 Ι
654 3254 786 3310 ῶστεΒε
848 3262 880 3310 17
901 3257 1003 3319 αύτούς
1022 3258 1074 3312 ΑΒ
1139 3265 1171 3314 18

156 3329 243 3383 verba
265 3328 330 3381 inde
355 3328 390 3382 ab
414 3325 500 3397 μέγας
522 3343 610 3393 usque
634 3326 671 3381 ad
695 3321 899 3398 ἐπιβαινόντων
922 3345 975 3383 om.
994 3327 1042 3383 Βε
1138 3336 1172 3385 20

157 3401 245 3470 βελῶν
269 3397 326 3451 ἀττὸ
350 3414 403 3454 om.
422 3398 471 3452 Bc
496 3397 559 3450 add.
580 3395 653 3467 Cmg
679 3399 682 3465 Ι
707 3399 827 3464 τοξοτῶν
846 3397 868 3452 0
892 3395 981 3465 τόξων
1005 3417 1028 3454 ο.
1049 3401 1172 3470 Sylburg

158 3466 237 3519 *ὑπὸ
256 3483 306 3534 pro
325 3466 382 3519 ἀπὸ
402 3484 454 3535 ego
