2484 3876
502 207 593 264 -ι
635 235 669 246 -
1028 205 1090 271 101

20 363 160 437 ισειλους
179 359 233 426 καὶ
255 371 323 428 τῶν
346 363 459 428 ἀλλων
480 370 625 431 πολιτῶν
647 357 697 444 οἷς
714 361 757 452 ήν
775 367 994 452 βουλομένοις
1011 367 1092 434 ἀπο-

75 470 199 532 λαῦσαί
221 490 253 532 τι
282 477 340 551 τῆς
366 479 427 535 τοῦ
455 481 639 555 στρατηγοῦ
664 473 764 558 τύχης
786 475 867 538 κατὰ
890 475 929 539 τά
952 473 1092 560 πολέμια

74 569 129 636 καί
157 572 283 658 ἀρετῆς.
330 574 375 652 ὡς
400 571 431 640 δ’
458 575 547 662 αὐτιβ
575 575 648 663 χείρ
674 576 850 665 ἀξιόμαχος
877 577 986 646 ἐδόκει
1014 597 1092 646 συν-

73 676 292 763 εληλυθέναι,
324 687 471 765 προῆγεν
502 679 557 746 ἐπί
588 684 666 759 τοὺς
697 687 876 768 πολεμίους
907 684 1012 751 οὐδέν
1041 707 1092 752 πω

71 785 279 869 προειδότας.
326 783 478 870 ἐμβαλὼν
511 784 541 852 δ’
574 788 621 864 είς
652 788 763 874 χώραν
792 794 926 856 πολλῶν
955 767 1133 880 aram}

71 892 195 974 μεστὴν
228 889 412 974 γενόμενος
443 891 600 977 ἀφθόνου
632 899 721 973 λείας
750 897 865 981 κύριος
894 894 994 981 ἐφῆκε
1025 909 1094 974 τοις

71 998 290 1082 στρατιώταις
313 999 442 1064 ἅπαντα
464 999 504 1064 τὰ
527 998 699 1084 ληφθέντα
723 1003 971 1086 διανείμασθαι,
994 997 1038 1068 ἵν’
1061 1002 1097 1068 οί

68 1099 132 1186 μὲν
161 1104 393 1189 συναράμενοι
422 1114 484 1170 τοῦ
513 1107 613 1189 ἔργου
642 1109 701 1174 τὸν
731 1119 798 1174 των
825 1111 939 1174 πόνων
965 1111 1095 1196 καρπόν

66 1210 292 1294 κομισάμενοι
315 1211 499 1296 προθύμως
521 1209 575 1277 ἐπί
597 1212 655 1290 τὰς
676 1213 778 1291 ἀλλας
800 1218 969 1296 στρατείας
992 1213 1094 1280 ἀπαν-

66 1327 185 1382 τῶσιν·
209 1317 246 1382 oc
263 1312 295 1381 δ’
312 1314 557 1403 ἀποκνήσαντες
571 1316 831 1404 ἐνθυμηθέντες,
850 1320 939 1387 ὅσων
953 1321 1092 1405 ἀγαθῶν
1108 1349 1134 1390 ιο

66 1423 184 1500 αὐτοῖς
210 1421 288 1501 ἐξὸν
311 1427 519 1508 μεταλαβεῖν,
543 1425 599 1488 διά
616 1427 654 1492 τὸ
674 1426 859 1506 στασιάζειν
878 1424 1093 1510 ἀπεκωλύθη-

64 1546 127 1594 σαν
161 1531 217 1606 είς
249 1529 308 1606 τὰς
337 1530 455 1606 λοιπάς
484 1528 619 1607 ἐξόδους
649 1529 812 1614 γένωνται
840 1533 1094 1618 φρονιμώτεροι.

63 1636 208 1702 διάνοια
238 1631 300 1719 μὲν
328 1645 390 1702 τοῦ
419 1635 541 1719 ἀνδρὸς
566 1637 627 1720 ήδε
655 1635 785 1720 ἐγένετο
812 1634 888 1722 περὶ
915 1640 952 1703 τὸ
980 1638 1129 1723 ἔργον·5

61 1745 154 1831 χόλῳ
189 1737 223 1806 δ’
247 1741 384 1830 ὑπούλῳ
406 1739 462 1807 καί
485 1745 606 1832 φθόνῳ
630 1743 806 1827 δυσμενῶν
828 1743 911 1828 αὐτή
935 1740 1013 1810 καθ’
1036 1745 1095 1810 αὑ-

60 1850 126 1933 τήν
151 1847 176 1930 ἡ
203 1847 321 1933 πρᾶξις
349 1845 557 1932 ἐξεταζομένη
583 1847 778 1933 δημαγωγία
800 1871 850 1926 τις
871 1847 1026 1935 ἐφαίνετο
1049 1845 1094 1915 εί-
1108 1876 1134 1918 τε

8 1972 124 2023 ιιωναι
147 1950 212 2020 καί
235 1953 399 2037 δεκασμὸς
421 1955 627 2035 τυραννικός.
665 1953 748 2018 ὥστε
771 1956 851 2037 βοῆς
868 1951 924 2019 καί
940 1955 1094 2039 θορύβου

59 2073 157 2128 πᾶσα
184 2055 230 2144 ἦν
254 2059 426 2136 ἀνάπλεως
447 2059 468 2143 ή
491 2059 609 2142 ἀγορά,
631 2057 687 2123 καί
706 2056 786 2124 οὔδ’
804 2059 823 2125 δ
840 2059 996 2146 Μάρκιος
1013 2061 1096 2145 πρὸς

59 2164 159 2235 ταῦτ’
192 2161 299 2253 εἶχεν,
330 2165 348 2230 ὅ
375 2188 407 2230 τι
434 2163 695 2250 ἀπολογήσαιτο,
722 2162 799 2231 οὔδ’
826 2167 845 2232 δ
872 2167 995 2242 ὕπατος
1022 2164 1092 2230 οὔτ’

58 2277 172 2351 ἄλλος
208 2272 336 2356 οὐδείς,
372 2262 426 2338 οἷα
459 2272 501 2355 δή
533 2269 723 2357 παραδόξου
755 2269 811 2336 καὶ
842 2270 1094 2357 ἀπροσδοκήτου

58 2383 236 2467 φανείσης
264 2376 318 2443 ἐπὶ
346 2381 440 2463 σφίσι
468 2386 525 2460 τῆς
551 2379 665 2455 αίτίας.
710 2375 824 2461 ἐπειδὴ
848 2375 878 2443 δ’
902 2373 1014 2452 οὐδεὶς
1037 2347 1134 2463 οὐ-,ῗ

58 2485 135 2553 κέτι
157 2484 371 2567 ἀπελογεῖτο,
388 2482 561 2549 ἀνέδωκαν
581 2483 616 2548 οί
632 2484 795 2568 δήμαρχοι
812 2484 874 2566 τήν
892 2492 1007 2568 ψῆφον
1025 2493 1096 2560 ταῖς

59 2599 198 2680 φυλαῖς
229 2593 355 2674 τίμημα
387 2587 627 2674 ἐπιγράψαντες
655 2597 694 2673 τῇ
725 2590 801 2676 δίκη
830 2589 943 2673 φυγήν
973 2586 1095 2673 ἀίδιον,

58 2700 151 2766 κατὰ
181 2694 269 2778 δέος,
293 2691 396 2779 οἶμαι,
418 2705 478 2760 τοῦ
502 2696 546 2780 μή
570 2694 613 2761 ἀν
635 2693 761 2760 ἁλῶναι
783 2696 842 2760 τὸν
863 2695 970 2780 ἀνδρα
987 2696 1094 2762 θανά-

59 2827 125 2872 του
160 2802 269 2889 [αὐτῷ
296 2801 530 2886 τιμησάντων].
575 2801 620 2877 ὡς
647 2797 678 2865 δ’
706 2799 914 2886 ἐπεψήφισαν
942 2802 1095 2886 ἀπαυτες,

140 3041 159 3088 9
190 3032 338 3101 στρατείας
360 3047 429 3084 corr.
446 3046 489 3084 'ex
512 3028 686 3100 στρατιάςΒ
761 3035 790 3082 11
818 3027 1008 3094 στασιάζονΟ
1033 3046 1098 3082 στα-

62 3105 180 3172 σιάζειν
199 3120 224 3157 ο.
244 3101 334 3158 Cobet
352 3100 418 3156 obs.
436 3118 464 3169 p.
486 3106 535 3155 149
592 3106 626 3155 14
645 3098 716 3172 όγλφ
736 3099 758 3155 0
777 3100 849 3169 γόλω
865 3099 1009 3222 Κὶοεεδωη
1063 3105 1096 3152 18

63 3178 80 3233 δ
105 3194 166 3232 om.
187 3173 211 3228 Β
288 3179 320 3228 19
346 3170 392 3226 οία
411 3203 444 3212 -
465 3171 559 3234 οὐδεὶς
581 3171 611 3224 in
632 3187 697 3241 mge
721 3170 786 3227 add.
805 3155 852 3224 B‘a
875 3176 879 3241 Ι
904 3171 988 3240 περιδ
1005 3169 1054 3234 ξου
1072 3168 1095 3220 Β

63 3254 101 3302 20
121 3242 317 3314 ἐπιφανείσης
335 3244 415 3312 σφίσι
432 3242 537 3298 Reiske
609 3247 643 3297 23
662 3241 781 3298 δανάτω
800 3241 886 3296 αότδν
906 3241 932 3293 Δ
1003 3243 1038 3292 24
1056 3258 1082 3291 τι

65 3318 214 3389 μήσαντις
229 3314 252 3369 0
270 3313 447 3384 τιμησάντων
466 3331 489 3368 ο.
503 3312 606 3368 Βοὶελιο
624 3311 793 3383 τιμηθέντος
813 3312 901 3366 Cobet
920 3308 1096 3376 Obs.p.150

65 3391 146 3462 αίτῷ
172 3385 340 3456 τιμήσαντες
366 3384 446 3438 uncis
470 3383 585 3452 seclusi,
614 3399 676 3438 cum
701 3384 736 3436 ad
757 3384 863 3451 τίμημα
888 3375 1096 3448 ἐπιγράψαντες

66 3458 222 3528 adscripta
241 3473 276 3511 ea,
295 3473 356 3511 esse
375 3472 426 3526 pro
446 3455 592 3524 explorato
610 3453 745 3506 haberem
