2508 3882
163 209 229 274 τοο
586 210 808 312 “H''

164 371 362 454 ἠναντιοῦτο
384 372 467 454 πρὸς
488 371 546 446 τάς
569 367 703 448 ἐξόδους
726 369 885 436 αὐτοῦτὸ
905 372 1090 455 δαιμόνιον,
1110 372 1159 436 αὐ·
1233 357 1234 392 δ

164 479 220 553 τὸς
255 471 317 561 μέν
352 475 526 560 ὑπέμεινε,
565 477 623 553 τάς
659 472 697 540 δὲ
734 479 909 562 κρατίστας
946 475 1160 562 ἐπιλεξάμενος

129 585 301 668 8σπείρας
322 581 490 651 ἀπέστειλε
513 592 559 670 τῷ
584 582 791 668 συνάρχοντι.
836 585 874 648 αί
894 581 932 649 δὲ
960 586 1016 650 διά
1038 582 1064 650 τ’
1086 585 1161 670 ὀρῶν

164 689 302 774 ἀφανῶς
323 689 378 756 καὶ
401 691 530 774 νύκτωρ
554 690 594 753 τά
621 691 727 755 πολλὰ
754 690 974 774 ποιησάμεναι
996 692 1055 768 τάς
1076 691 1162 767 ὁδοὺς

138 798 327 880 ιείσηλθον
349 798 397 874 είς
419 799 478 862 τὸν
497 795 622 880 χάρακα
644 798 723 872 τοὺς
744 799 923 880 πολεμίους
946 802 1115 863 λαθοῦσαι.
1147 796 1161 862 ὁ

164 900 226 988 μὲν
253 899 316 969 οὖν
345 906 499 987 Αἰμίλιος
524 902 732 987 θρασύτερος
761 901 908 985 ἐγεγόνει
939 913 979 988 τῇ
1011 906 1162 989 παρουσίᾳ

164 1021 232 1074 τῶν
255 1010 449 1094 συμμάχων,
472 1010 508 1074 οί
528 1005 566 1073 δέ
588 1008 739 1092 πολέμιοι
761 1017 807 1096 τῷ
830 1032 865 1074 τε
888 1012 1012 1093 πλήθει
1031 1019 1075 1098 τῷ
1097 1027 1225 1094 σφε-1711

164 1113 249 1203 τέρφ
276 1117 346 1198 εἰκῆ
369 1119 506 1181 πίσυνοι
535 1112 591 1180 καὶ
614 1114 670 1179 διά
692 1115 798 1199 τὸμὴ
821 1113 985 1194 ἐπεξιέναι
1008 1120 1085 1194 τοὺς
1099 1114 1165 1180 Ῥο-

166 1223 285 1304 μαίους
311 1223 358 1298 είς
385 1221 494 1306 μάχην
522 1218 721 1306 ἐπαρθέντες
748 1219 927 1306 ἀνέβαινον
955 1221 1010 1289 ἐπὶ
1040 1225 1077 1288 τὸ
1099 1225 1165 1306 ὄρος
1236 1209 1237 1216 ¹

127 1356 153 1396 ιο
166 1329 399 1404 πυκνώσαντες
426 1329 504 1404 τοὺς
532 1330 663 1412 λόχους·
695 1325 749 1392 καλ
780 1328 816 1392 οί
835 1325 987 1412 Ῥωμαῖοι
1020 1327 1166 1414 παρέντες

164 1434 285 1511 αὐτοὺς
307 1434 471 1518 ἀναβῆναι
494 1428 571 1498 καθ’
594 1431 735 1518 ἡσυχίαν
755 1431 811 1498 καὶ
833 1435 939 1500 πολλά
961 1446 1079 1500 πονεῖν
1101 1432 1167 1518 περὶ
1237 1379 1238 1473 ἐ

163 1549 209 1628 τῷ
233 1540 440 1624 σταυρώματι
464 1539 634 1621 ἐάσαντες,
662 1537 774 1622 ἐπειδὴ
804 1540 844 1604 τά
866 1552 985 1624 σημεῖα
1006 1543 1096 1626 ἤρθη
1117 1548 1167 1622 τῆς

164 1645 269 1730 μάχης
292 1646 532 1722 διασπάσαντες
554 1646 636 1711 κατά
658 1647 765 1711 πολλά
788 1644 870 1731 μέρη
894 1647 954 1711 τὸν
972 1645 1098 1732 χάρακα
1119 1645 1168 1729 ἐμ-
1238 1659 1239 1730 λ

163 1753 341 1816 πίπτουσιν
369 1751 495 1828 αὐτοῖς·
523 1749 579 1816 καλ
606 1752 642 1818 οί
665 1745 727 1835 μὲν
749 1753 796 1827 είς
823 1763 933 1837 χεῖρας
961 1753 1169 1828 καταστάντες

124 1883 150 1926 ιε
163 1866 233 1932 τοῖς
261 1854 390 1940 ξίφεσιν
418 1857 595 1943 ἐμάχοντο,
623 1858 659 1922 ολ
684 1854 713 1922 δ’
740 1855 805 1922 ἀπὸ
832 1868 900 1924 τῶν
928 1856 1101 1943 ἐρυμάτων
1127 1861 1170 1923 λί-

163 1968 241 2038 θοις
263 1985 297 2027 τε
321 1961 376 2028 καὶ
400 1967 550 2040 σαυνίοις
572 1962 627 2029 καὶ
650 1966 783 2048 λόγχαις
805 1966 884 2040 τοὺς
906 1962 1060 2046 ἐπιόντας
1082 1968 1171 2048 ἐβαλ-

163 2072 240 2153 λον,
268 2067 364 2153 βέλος
393 2066 423 2135 δ’
451 2066 551 2135 οὐδὲν
579 2070 726 2134 ἄσκοπον
756 2063 799 2151 ἦν
821 2067 1054 2152 πεπιλημένων
1081 2065 1111 2152 γ’
1139 2069 1172 2134 έν

129 2179 283 2261 9βραχεῖ
308 2178 418 2263 χωρίφ
445 2179 588 2240 πολλῶν.
640 2173 880 2259 ἀπαράττονται
913 2175 955 2256 δὴ
983 2185 1043 2241 τοῦ
1070 2177 1173 2260 λόφου

163 2286 309 2360 πολλοὺς
332 2293 427 2367 σφῶν
449 2281 672 2365 ἀποβαλόντες
690 2281 726 2346 οί
744 2279 951 2346 Οὐολοῦσκοι
973 2279 1030 2345 καλ
1049 2283 1097 2358 είς
1114 2307 1175 2366 φυ-

123 2418 150 2458 εο
163 2390 227 2472 μὴν
251 2388 453 2473 ὁρμήσαντες
475 2389 572 2471 μόγις
599 2388 648 2463 είς
674 2389 733 2452 τὸν
761 2387 849 2451 ίδιον
872 2385 1099 2465 ἀποσώζονται
1121 2387 1176 2472 χά-

163 2518 256 2579 ρακα.
301 2491 453 2577 Ῥωμαῖοι
486 2489 516 2558 δ’
544 2493 589 2569 ώς
619 2491 655 2557 ἐν
686 2490 848 2578 ἀσφαλείᾳ
879 2490 961 2569 τέως
990 2494 1085 2570 ὄντες
1113 2495 1175 2577 ἥδη

162 2598 359 2684 κατέβαινον
379 2596 432 2663 ἐπὶ
448 2601 526 2674 τοὺς
544 2596 669 2683 ἀγροὺς
687 2596 811 2662 αὐτῶν·
831 2595 863 2674 ἐξ
884 2591 932 2661 ὧν
951 2596 1178 2682 ἐπισιτισμοὺς

162 2703 219 2769 καλ
240 2699 354 2786 τάλλα,
377 2704 466 2769 ὅσον
491 2703 608 2779 σπάνις
629 2698 672 2786 ἦν
697 2702 733 2769 ἐν
756 2713 801 2790 τῷ
825 2702 957 2788 χάρακι,
979 2702 1177 2788 ἐλάμβανον.

229 2808 425 2873 LXXXVII.
459 2806 590 2891 Ἐπειδὴ
610 2805 648 2874 δέ
666 2816 811 2893 καθῆκεν
831 2809 848 2875 ὁ
868 2820 934 2874 τών
953 2808 1234 2896 ἀρχαιρεσιῶνιιιε

234 3033 344 3088 3όδῶν
367 3035 486 3103 ἀφανῶν
515 3034 537 3089 0
566 3035 639 3104 ὀρῶν
667 3034 784 3104 ἀφανῶς
812 3053 835 3092 ε.
855 3035 978 3091 Sinteniu
1006 3035 1068 3094 Em.
1093 3037 1175 3093 Dion.

161 3108 201 3162 ΙΠ
216 3113 249 3162 18
276 3105 349 3175 δρῶν
367 3106 488 3175 ἀφανεῖς
507 3123 529 3160 ο.
548 3105 673 3160 Reudler
693 3107 783 3162 Τίτου.
803 3106 864 3163 orit.
883 3125 911 3176 p.
931 3113 947 3162 6
1038 3114 1056 3162 8
1076 3103 1140 3163 ἐκεῖ
1156 3109 1177 3163 0

163 3179 223 3249 εἰκῆ
243 3197 266 3233 υ.
286 3176 390 3232 Reiske
469 3183 501 3232 11
522 3177 617 3240 αὐτοῖς
636 3177 658 3231 Ο
678 3177 779 3239 αὐτοὺς
797 3194 820 3233 υ.
840 3177 962 3248 Sylburg
1044 3185 1077 3234 17
1098 3177 1178 3252 βέλος

161 3273 191 3308 τε
211 3251 235 3342 01
253 3267 323 3305 corr.
337 3248 441 3303 Reiske
468 3249 472 3322 Ι
497 3245 693 3319 πεπιλημένων
711 3267 741 3302 τε
760 3248 782 3303 0
801 3265 870 3302 corr.
890 3248 994 3304 Reiske
1017 3291 1020 3298 .
1068 3256 1102 3305 18
1123 3251 1179 3305 ἀπ-

162 3317 1179 3460 {gfffffiss‘sssffm1¹3522²323¹3532(1213ssuffssssssss‘fi‘eiffkfflssssss

161 3463 239 3526 τέλος
257 3464 335 3525 δντες
355 3481 377 3517 ο.
422 3463 538 3532 iessling
556 3463 620 3516 Bas,
640 3462 735 3530 Progr.
755 3479 781 3529 p.
798 3466 833 3515 20
