2538 3884
142 169 215 234 302.
565 200 599 209 -
635 168 662 219 θ
698 197 732 206 -

107 331 346 413 6συμπλοκαίς
375 328 547 414 διαφέρειν
578 331 691 412 [ἔγνω]
722 331 782 394 τόν
810 332 965 412 πόλεμον.
1017 329 1162 404 Αεύκιος

142 433 173 500 δ’
191 439 356 520 Αἰμίλιος,
374 436 571 521 ὁπεμφόελς
589 434 642 501 έπλ
661 435 867 522 Ήιρρηνοός,
885 434 1221 520 εὴρὸνέξεστρα-ιιεε

141 542 321 626 τευμένους
348 544 413 627 πρὸ
436 552 494 626 τῆς
515 546 643 619 πόλεως
664 545 744 619 τοὺς
767 541 992 618 Οὐιεντανοὺς
1015 539 1071 605 καὶ
1097 543 1161 606 σὺν

143 649 256 726 αὐτοῖς
277 652 363 714 πολὺ
386 651 423 714 τὸ
446 650 535 734 παρὰ
557 660 625 714 τῶν
648 649 825 733 ὁμοεθνῶν
847 646 1078 730 ἐπικουρικόν,
1105 647 1161 712 οὐ-

71 771 94 825 )
116 751 202 819 εόὲν
225 758 272 820 ἔτι
296 759 459 840 μελλήσας
481 757 583 844 έργρυ
606 761 724 840 είχετο·
747 752 873 841 ἡμέραν
892 751 938 836 δ’,
961 751 1019 837 ἀφ’
1044 748 1084 835 ἧς
1102 756 1160 818 τὸν

142 860 268 945 χάρακα
291 863 399 945 ἔθετο,
422 863 587 928 διαλιπὼν
605 861 698 946 έξὴγε
717 862 776 938 τὰς
794 861 953 944 δυνάμεις
971 862 1018 936 είς
1038 859 1160 944 μάχην,

142 966 295 1051 θρασέως
329 969 419 1033 πάνυ
455 980 535 1034 τῶν.
560 968 774 1033 Οὐιεντανῶν
810 967 911 1051 ὁμόσε
947 967 1161 1051 χωρούντων.

143 1075 326 1155 ἰσορρόπου
349 1071 386 1138 δὲ
410 1084 469 1140 τοῦ
492 1073 621 1158 ἀγῶνος
643 1072 824 1158 γινομένου
846 1076 924 1149 τοὺς
948 1072 1057 1146 ἱππεῖς
1081 1070 1161 1137 άνα-

143 1179 255 1262 λαβὼν
285 1177 404 1245 ἐνσείει
432 1191 504 1264 τοῖς
531 1185 702 1265 πολεμίοις
730 1181 811 1245 κατά
841 1182 879 1245 τὸ
909 1177 1020 1256 δεξιὸν
1050 1175 1160 1262 κέρας,

103 1307 129 1345 ιο
142 1287 213 1368 καί,
243 1284 356 1371 ἐπειδὴ
376 1298 484 1374 ,τοῦτο
515 1273 744 1370 διεσάλευσεν,
774 1284 827 1352 ἐπὶ
856 1285 1001 1369 θάτερον
1031 1284 1160 1369 έχώρει,

108 1415 112 1424 ·
143 1379 228 1456 ὅπου
250 1389 312 1475 μέν
336 1393 519 1477 ἱππάσιμον
541 1399 592 1478 εἴη
615 1397 740 1478 χωρίον
758 1391 823 1458 ἀπὸ
841 1403 909 1456 τῶν
927 1392 1038 1456 ἵππων
1058 1393 1160 1475 μαχό-

142 1521 256 1581 μενος,
283 1499 369 1565 ὅπου
397 1497 427 1563 δ’
454 1501 598 1564 ἄνιππον
627 1499 900 1583 ἀποκαταβαίνων
927 1519 962 1562 τε
984 1494 1040 1562 καὶ
1063 1499 1161 1575 πεζὸς

143 1602 392 1688 ἀγωνιζόμενος.
428 1606 624 1670 πονούντων
648 1600 686 1669 δέ
706 1615 774 1669 τῶν
791 1603 939 1688 κεράτων
957 1599 1159 1687 ἀμφοτέρων

144 1706 217 1773 οὐδ’
240 1709 275 1773 οί
295 1712 376 1774 κατὰ
397 1707 500 1793 μέσον
518 1709 749 1796 ἔτνάντείχον,
772 1707 843 1775 ἀλλ’
861 1708 1074 1792 έξεάσθησαν
1091 1707 1158 1774 ὑπὸ
1247 1765 1248 1796 ,

103 1830 128 1868 1⁵
142 1825 209 1878 τῶν
237 1817 360 1898 πεζῶν,
390 1813 444 1881 καί
473 1818 553 1900 μετὰ
581 1827 680 1882 τοῦτο
709 1817 830 1892 πάντες
859 1817 986 1900 ἔφυγον
1016 1812 1070 1878 έπὶ
1100 1816 1159 1879 τὸν
1247 1803 1248 1891 ἡ

109 1919 277 2006 λχάρακα.
323 1921 341 1988 ὁ
365 1917 396 1986 δ’
419 1924 573 2006 Αἰμίλιος
595 1924 775 2008 ἠκολούθει
798 1933 867 1998 τοῖς
890 1921 1055 2004 φεύγουσι
1079 1937 1159 1985 συν-

142 2023 342 2111 τεταγμένην
369 2030 430 2112 τὴν
454 2030 598 2113 δύναμιν
621 2032 706 2118 ἔχων
729 2027 784 2094 καὶ
807 2031 952 2102 πολλοὺς
974 2025 1158 2111 διέφθειρε.
1246 2057 1247 2090 ;

142 2136 320 2217 γενόμενος
347 2131 385 2200 δὲ
407 2139 549 2218 πλησίον
571 2145 632 2202 τοῦ
654 2135 798 2221 χάρακος
818 2132 874 2199 καὶ
897 2133 1100 2217 προσβαλὼν
1123 2132 1159 2197 έκ
1246 2093 1247 2161 ¹

143 2240 300 2325 διαδοχῆς
331 2240 461 2324 ἐκείνην
490 2265 525 2307 τε
557 2241 733 2325 παρέμεινε
763 2243 825 2324 τὴν
854 2237 982 2326 ἡμέραν
1011 2237 1067 2303 καὶ
1097 2239 1158 2322 τὴν

104 2362 130 2400 ιο
144 2343 303 2410 ἐπιοῦσαν
326 2347 445 2429 νύκτα,
467 2353 515 2430 τῇ·
530 2343 561 2410 δ’
585 2343 658 2429 ἑξῆς
679 2344 785 2432 ἡμέρᾳ
807 2347 898 2432 κόπω
922 2367 957 2409 τε
980 2344 1035 2411 καὶ
1059 2347 1158 2431 τραύ-

143 2467 222 2532 μασι
245 2462 311 2516 τῶν
334 2454 502 2535 πολεμίων
523 2451 580 2516 καὶ
602 2450 769 2538 ἀγρυπνίᾳ
792 2451 1020 2535 ἀπειρηκότων
1041 2451 1157 2536 ἐγκρα-

143 2557 200 2639 τὴς
226 2562 352 2640 γίνεται
378 2567 440 2623 τοῦ
466 2559 618 2644 χάρακος.
663 2559 699 2623 οί
720 2555 757 2622 δὲ
784 2560 968 2642 Τυρρηνοί,
996 2558 1041 2634 ὡς
1064 2553 1221 2623 είδονιιει

143 2660 373 2744 ἐπιβαίνοντας
390 2665 454 2747 ἡὸη
470 2667 549 2740 τοὺς
564 2665 740 2748 Ῥωμαίους
753 2675 822 2741 τοῖς
835 2665 1157 2749 περισταυρώμασιν,
1244 2637 1245 2705 ἡ

144 2765 332 2842 ἐκλιπόντες
360 2769 398 2832 τό
428 2770 651 2852 στρατόπεδον
679 2771 839 2851 ἔφευγον,
869 2769 906 2834 οί
931 2766 992 2853 μὲν
1022 2772 1070 2846 είς
1098 2770 1157 2852 τὴν

104 2850 254 2964 gamm,
277 2871 313 2936 οί
333 2870 363 2935 δ’
386 2875 434 2949 είς
456 2875 496 2938 τά
518 2877 660 2957 πλησίον
684 2875 754 2959 ὄρη.
790 2875 914 2958 ταύτην
935 2871 996 2959 μὲν
1015 2871 1078 2940 οὖν
1096 2877 1157 2958 τὴν
1243 2908 1244 2976 ¹

144 2976 269 3062 ἡμέραν
293 2975 330 3042 έν
353 2987 398 3065 τῷ
422 2979 539 3063 χάρακι
562 2991 629 3045 τῶν
652 2984 818 3065 πολεμίων
838 2982 966 3063 ἔμεινεν
986 2981 1003 3045 ὁ
1022 2980 1157 3062 ὕπατος,

218 3215 230 3260 1
256 3204 327 3276 έγνω
346 3206 400 3260 del.
420 3205 510 3262 Cobet
528 3207 593 3263 obs.
612 3226 639 3277 p¹
656 3213 707 3262 1⁷6
780 3213 795 3261 2
823 3208 984 3276 Τυρρηνοὺς
1001 3207 1026 3259 A
1048 3209 1158 3275 Τυρρη-
1242 3179 1243 3249 ἡ

144 3280 206 3340 νίας
225 3277 247 3329 Β
320 3282 336 3331 ό
355 3277 533 3351 με<λλ>ἡοας
550 3279 572 3332 Β
642 3287 658 3333 6
678 3277 762 3334 ἔθετο
780 3279 849 3346 μίαν
867 3278 1005 3332 διαλιπὼν
1024 3294 1047 3330 ο.
1061 3277 1157 3330 Κὶοεε-

143 3346 204 3417 ling
284 3348 477 3418 8γενομένου
496 3367 518 3404 ο.
539 3349 642 3404 Reiske
708 3356 740 3404 τό
760 3350 922 3416 φυγουτιΒ
985 3354 1020 3401 24
1039 3343 1158 3420 3⁸20>-

145 3416 244 3478 πόντος
263 3417 285 3469 Β
1241 3451 1242 3519 ¹
