2538 3884
146 199 211 264 326
570 201 734 254 -Θ-

145 359 200 428 καί
223 364 326 445 λόγον
348 361 512 428 ἀπαιτεῖτε
536 373 594 448 τῆς
616 367 825 450 στρατηγίας,
847 362 978 448 ἕτοιμός
997 364 1064 447 είμι
1082 360 1174 427 ἀπο-

145 471 368 553 λογήσασθαι·
399 471 432 534 εί
457 467 487 534 δ’
515 467 569 535 ἐπὶ
595 473 759 557 τιμωρίαν
786 468 1077 554 κατεγνωσμένην,
1109 465 1173 534 καὶ

145 571 247 640 οὐδέν
278 578 368 641 ἐσται
397 601 453 661 μοι
482 575 585 642 πλέον
615 576 844 660 ἀποδείξαντι,
874 577 919 654 ὡς
945 572 1049 641 οὐδὲν
1076 575 1175 660 ὑμᾶς

145 682 262 767 ἀδικῶ,
285 685 442 768 λαβόντες
462 684 499 748 τὸ
519 693 613 768 σῶμα
631 683 650 747 δ
669 707 700 748 τι
718 684 821 748 πάλαι
839 684 1006 767 βούλεσθε
1025 689 1172 768 χρῆσθε.

110 769 223 883 Ξέμοί
242 812 276 854 τε
300 790 363 876 γάρ
385 801 535 876 κρεῖττον
557 788 680 879 ἀκρίτῳ
698 788 886 855 ἀποθανεῖν
904 793 1046 874 μᾶλλον,
1069 789 1090 873 ἢ
1111 793 1172 854 λύ·

145 919 208 978 γον
230 899 364 981 τυχόντι
387 893 442 961 καί
465 897 509 981 μὴ
531 900 682 962 πείσαντι
704 896 804 981 ὑμᾶς·
832 895 964 980 δόξαιμι
986 897 1052 980 γὰρ
1076 894 1171 978 <δν>

146 1004 210 1066 σὺν
238 1003 314 1088 δίκη
341 1003 495 1088 πάσχειν,
525 1003 544 1068 ὅ
566 1027 598 1068 τι
626 1004 669 1068 ἀν
691 1027 756 1087 μου
778 1013 984 1085 καταγνῶτε,
1012 1000 1112 1086 ὑμεῖς
1134 999 1166 1066 τ’

146 1105 184 1171 ἐν
211 1105 360 1174 ἐλάττονι
390 1111 479 1197 αἰτίᾳ
506 1111 624 1174 ἔσεσθε
652 1108 856 1194 ἀφελόμενοί
879 1132 945 1193 μου
970 1110 1032 1174 τὸν
1061 1111 1171 1192 λόγον

145 1215 217 1296 καί,
245 1211 283 1278 ἐν
309 1207 336 1301 ᾧ
367 1213 448 1296 [καί]
477 1221 512 1280 εί
533 1238 566 1280 τι
593 1214 698 1282 ἀδικῶ
720 1215 806 1300 ὑμᾶς
829 1216 955 1298 ἀδηλόν
979 1213 1087 1299 ἐστιν,
1116 1217 1169 1280 ἔτι

107 1338 132 1377 1⁰
146 1329 218 1397 ταῖς
239 1319 354 1404 ὀργαῖς
370 1323 594 1408 χαρισάμενοι.
630 1325 721 1387 ἔσται
741 1320 782 1387 δέ
797 1345 853 1406 μοι
871 1322 892 1406 ἡ
912 1321 1047 1388 διάνοια
1066 1321 1166 1406 ὑμῶν

147 1425 183 1491 ἐκ
208 1436 267 1511 τῆς
293 1426 480 1514 ἀκροάσεως
506 1431 712 1514 καταφανής,
739 1430 878 1518 θορύβῳ
901 1425 1017 1493 τεκαὶ
1039 1428 1169 1516 ἡσυχία

145 1533 318 1617 εἰκάζοντι,
340 1537 482 1620 πότερον
500 1531 553 1599 ἐπὶ
571 1538 734 1620 τιμωρίαν
752 1533 772 1619 ἦ
792 1531 845 1599 ἐπὶ
864 1535 963 1618 δίκην
981 1532 1236 1617 κεκλήκατέιεει

110 1641 195 1722 3με.
237 1637 334 1705 Ταῦτ’
357 1642 461 1706 είπὼν
481 1639 610 1725 ἐπέσχε·
634 1650 729 1724 σιγης
752 1636 790 1705 δὲ
811 1638 994 1724 γενομένης
1016 1637 1074 1704 καί
1097 1652 1168 1706 τῶν

145 1747 309 1809 πλείστων
339 1745 576 1830 ἐμβοησάντων
603 1753 745 1833 θαρρεῖν
771 1769 807 1812 τε
834 1743 889 1812 καί
917 1747 980 1811 ὅσα
1007 1747 1168 1830 βούλεται

107 1867 133 1907 15
148 1847 272 1933 λέγειν,
299 1853 502 1936 παραλαβὼν
524 1855 584 1919 τὸν
607 1856 710 1937 λόγον
731 1854 833 1920 πάλιν
856 1851 990 1931 ἔλεξεν*
1021 1849 1111 1918 Ἀλλ’
1138 1859 1173 1918 εί
1258 1839 1259 1903 ἀ

146 1980 197 2021 τοι
221 1957 391 2035 δικασταῖς
414 1958 505 2043 ὑμῖν,
529 1955 555 2024 ὦ
577 1964 721 2043 πολῖται,
742 1957 798 2024 καί
821 1961 865 2044 μὴ
889 1958 1025 2044 ἐχθροῖς
1041 1961 1168 2044 χρησο-

147 2087 220 2147 μαι,
252 2063 375 2151 ῥαδίως
403 2069 531 2130 πείσειν
560 2066 647 2151 ὑμᾶς
676 2072 802 2150 οίομαι,
833 2066 885 2131 ὅτι
914 2061 1017 2130 οὐδὲν
1047 2063 1167 2129 ἀδικῶ.

146 2173 327 2255 ποιήσομαι
354 2167 392 2236 δὲ
417 2173 480 2256 τὴν
507 2171 612 2258 ἀρχὴν
639 2183 707 2238 τῶν
735 2175 861 2255 λόγων,
891 2170 924 2249 ἐξ
949 2166 998 2237 ὧν
1021 2172 1167 2247 ἅπαντες

149 2281 226 2342 ἴστε.
272 2277 336 2362 ἐγὼ
363 2277 523 2361 κατέστην
551 2276 604 2343 ἐπὶ
629 2280 690 2363 τὴν
714 2277 819 2364 ἀρχὴν
842 2281 906 2343 σὺν
928 2287 974 2366 τῷ
998 2282 1166 2380 κρατίστῳ
1255 2329 1256 2338 ,

108 2399 134 2439 20
150 2383 346 2472 Οὐεργινίῳ,
364 2379 443 2450 καθ’
460 2385 507 2450 ὃν
518 2387 642 2470 χρόνον
656 2384 910 2469 ἐπιτειχίσαντες
928 2384 1009 2468 ὑμῖν
1024 2383 1061 2449 οί
1077 2386 1167 2468 Ίυρ-

148 2487 245 2573 ρηνοί
275 2492 335 2556 τὸν
362 2487 446 2577 ὑπὲρ
476 2501 534 2575 της
562 2493 690 2568 πόλεως
722 2492 830 2576 λόφον
862 2489 969 2573 πάσης
1001 2487 1169 2570 ἐκράτουν

147 2605 204 2679 τῆς
230 2597 401 2683 ὑπαίθρου
430 2599 575 2684 [ἀρχῆς],
600 2595 657 2662 καί
682 2596 719 2662 ἐν
743 2595 852 2662 ἐλπίδι
874 2592 962 2680 ἦσαν
984 2605 1044 2661 τού
1066 2618 1170 2660 κατα-

149 2702 264 2766 λύσειν
286 2704 381 2788 ἡμῶν
403 2705 465 2788 την
487 2704 594 2790 ἀρχὴν
617 2703 654 2768 έν
676 2703 776 2787 τάχει.
821 2704 916 2786 λιμὸς
938 2698 976 2766 δὲ
997 2703 1105 2778 πολὺς
1128 2700 1169 2766 ἐν
1253 2705 1254 2735 ¹

147 2813 187 2890 τῇ
210 2810 304 2873 πόλει
326 2808 382 2876 καί
401 2812 515 2888 στάσις
531 2807 587 2875 καί
604 2818 666 2875 τοῦ
683 2812 719 2874 τί
733 2810 795 2893 χρὴ
813 2807 970 2892 πράττειν
987 2806 1167 2892 ἀμηχανία.
1252 2872 1253 2902 ρ

109 2945 135 2986 25
149 2914 311 2991 τοιούτοις
347 2917 389 3002 δὴ
426 2929 553 3004 καιροῖς
584 2916 717 2992 ἐπιστὰς
748 2914 835 2980 ούτω
869 2914 1073 2999 ταραχώδεσι
1109 2911 1167 2978 καί

221 3113 238 3162 5
253 3108 357 3233 ἀκρίτῳ
371 3109 436 3165 add.
451 3109 474 3163 B
530 3117 546 3164 6
560 3108 674 3178 δόξαιμι
687 3106 740 3177 γὰρ
755 3104 792 3160 διν
807 3107 840 3160 ού
855 3105 907 3160 σύν
921 3107 988 3178 δίκη
1002 3121 1026 3161 ο.
1040 3103 1164 3175 Reiskel

148 3179 237 3234 verba
254 3179 286 3234 in
306 3197 321 3234 e
339 3165 376 3236 ‘ab
396 3180 510 3250 δόξαιμι
528 3195 616 3248 usque
635 3178 672 3231 ad
690 3179 763 3247 ὑμᾶς
775 3195 801 3232 v.
817 3181 833 3230 9
849 3192 903 3233 om.
917 3176 965 3230 Ba
982 3175 1048 3230 add.
1063 3175 1167 3245 Bbmg
1250 3183 1251 3235 γ

150 3251 268 3322 8λόγον
287 3247 318 3306 ἐν
336 3247 358 3324 ᾧ
377 3255 402 3307 A
420 3256 443 3308 λ.
462 3252 512 3306 καλ
530 3246 562 3304 έν
580 3244 644 3322 ᾧΒ
723 3248 808 3303 9καί
825 3251 892 3303 anto
911 3247 942 3302 εί
954 3267 982 3301 τι
1000 3245 1056 3301 δελ.
1075 3245 1166 3300 Cobet

149 3318 215 3378 obs.
234 3343 260 3393 p.
277 3329 328 3378 178
402 3329 434 3379 16
453 3342 497 3378 τοι
515 3319 622 3376 add.B
694 3314 1057 3390 2οδμῶνΑΙοίοαι.Β
1131 3323 1165 3372 22
1249 3339 1250 3356 ³

148 3389 237 3459 ἀρχῆς
255 3394 309 3448 del.
324 3394 427 3449 Reiske
443 3396 448 3464 Ι
463 3392 551 3447 verba
568 3391 635 3444 inde
654 3389 690 3442 ab
709 3391 796 3458 ἀρχῆς
814 3406 903 3457 usque
923 3388 960 3442 ad
978 3387 1030 3458 τὴν
1050 3405 1107 3445 om.
1120 3389 1168 3443 Ba

150 3459 215 3513 add.
234 3462 336 3530 Bbmg
360 3465 364 3534 λ
390 3463 541 3518 καταλύειν
560 3461 583 3516 Ο
601 3458 753 3530 praeterG
