2484 3876
160 207 224 270 ιιι
581 209 742 258 -z—

74 383 79 392 '
125 367 214 434 9καί
246 363 345 446 αὖθις
377 368 490 454 ἕτερον
522 368 602 453 <ἐν>
636 368 718 454 αὐτῆ
749 367 856 452 λέγων
888 371 1190 453 διακεκοσμῆσθαι
1224 351 1225 386 ³

159 477 326 561 Κρητικὸν
344 473 470 559 ῆιθέων
493 499 527 540 τε
551 473 606 540 καί
623 472 802 561 παρθένων
820 477 922 561 χορὸν
941 470 1005 541 ὧδε
1023 482 1188 561 είρηκεν·

222 594 277 665 Ἐν
300 595 338 664 δέ
360 601 462 685 χορὸν
484 602 631 666 ποίκιλλε
654 601 847 686 περικλυτὸς
870 599 1079 685 ἀμφιγυήεις,

230 711 283 795 Τῷ
308 712 418 772 ἰκελον
441 698 514 773 οἷόν
537 702 609 771 ποτ’
637 705 687 771 ἐνὶ
709 708 860 794 Κνωσσῷ
883 706 995 792 εὐρείη
1190 725 1204 770 1

133 835 146 874 τ
226 816 394 891 Δαίδαλος
416 815 559 898 ἤσκησεν
581 813 833 902 καλλιπλοκάμῳ
852 811 1018 899 Ἀριάδνη.
1207 717 1227 918 δ

216 919 326 986 Ἔνθα
348 917 410 1004 μέν
432 920 544 1003 ῆίθεοι
566 917 621 984 καί
644 917 807 1004 παρθένοι
830 918 1040 1004 ἀλφεσίβοιαι
1098 991 1101 998 ,
1226 921 1227 932 ’

221 1022 388 1113 Ὠρχεῦντ’
415 1025 568 1109 άλλήλων
592 1023 645 1090 ε’πί
667 1034 780 1113 καρπῷ
803 1037 916 1111 χεῖρας
938 1028 1081 1112 ἔχουσαι.

159 1155 285 1235 κόσμον
308 1147 336 1215 τ’
365 1149 467 1215 αὐτοῦ
490 1149 739 1234 ἀφηγούμενος,
765 1150 822 1214 ἵνα
850 1152 952 1234 δῆλον
975 1150 1056 1235 ἡμῖν
1076 1155 1176 1235 ποιή-
1227 1163 1228 1174 ’

160 1275 265 1341 σειεν,
293 1256 343 1320 ὅτι
370 1255 390 1338 ἡ
414 1267 481 1322 τῶν
508 1253 660 1340 ἀρρένων
682 1259 811 1340 κίνησις
833 1255 986 1333 ἐνόπλιος
1008 1252 1065 1340 ῆν,
1089 1257 1171 1321 τάδε

121 1385 146 1424 10
160 1362 263 1448 λέγει·
648 1441 650 1446 Ι
1228 1361 1229 1434 λ

227 1473 298 1535 Καί
313 1468 346 1554 ῥ’
365 1469 403 1533 αί
416 1465 478 1552 μὲν
496 1470 598 1545 καλάς
618 1469 781 1553 στεφάνας
798 1470 887 1554 ἔχον,
905 1471 940 1534 οἰ
957 1466 993 1534 δὲ
1012 1473 1178 1554 μαχαίρας
1228 1449 1229 1478 ³

226 1573 329 1663 Εἶχον
352 1579 506 1661 χρυσείας
528 1574 561 1654 ἐξ
586 1573 758 1661 ἀργυρέων
781 1577 988 1660 τελαμώνων.
1229 1650 1230 1663 χ

159 1701 323 1785 ἡγεμόνας
341 1724 375 1765 τε
398 1708 455 1784 τῆς
478 1700 643 1786 ὀρχήσεως
665 1699 775 1764 αὐτῶν
793 1701 871 1777 τοὺς
889 1698 1082 1778 ἐνδιδόντας
1103 1713 1176 1778 τοῖς

160 1807 274 1883 ἄλλοις
299 1805 355 1870 καί
377 1805 708 1892 προκαταρχομένους
734 1806 876 1890 εἰσάγων
898 1806 1009 1872 τοιάδε
1037 1808 1174 1892 γράφει·

122 1950 147 1990 τε
227 1934 359 2008 Πολλὸς
383 1928 414 1995 δ’
440 1931 613 2016 ίμερόεντα
636 1932 737 2018 χορὸν
751 1917 945 2017 ἱπεριΐσταθ’
974 1931 1088 2016 ὅμιλος

233 2040 449 2122 Τερπόμενοι·
473 2039 554 2104 δοιὼ
580 2034 616 2102 δί
640 2042 855 2123 κυβιστητῆρε
878 2033 948 2102 κατ’
975 2038 1097 2115 αὐτοὺς

228 2147 370 2228 Μολπῆς
392 2142 583 2230 ἐξάρχοντες
605 2142 757 2209 ἐδίνευον
780 2145 861 2209 κατά
883 2141 1034 2228 μέσσους.

111 2269 203 2338 1Οού
234 2272 340 2353 μόνον
372 2265 402 2333 δ’
435 2267 471 2333 έκ
503 2276 559 2352 τῆς
589 2255 773 2350 ἐυαβωνίου
802 2291 837 2333 τε
866 2266 921 2333 καί
949 2271 1175 2334 κατεσπουδα-

161 2374 283 2461 σμένης
311 2375 476 2461 ὀρχήσεως
502 2386 569 2441 τῶν
597 2385 722 2460 χορῶν,
749 2368 770 2460 ᾖ
798 2375 886 2461 παρὰ
908 2375 965 2451 τὰς
986 2379 1175 2459 θυηπολίας

122 2505 147 2545 ιο
160 2506 194 2547 τε
222 2481 277 2548 καί
304 2483 435 2567 πομπάς
462 2481 606 2568 ἐχρῶντο
625 2479 793 2565 Ῥωμαῖοι,
820 2483 857 2546 τὸ
881 2476 1037 2564 συγγενὲς
1059 2482 1101 2546 άυ
1124 2505 1174 2560 τις

161 2589 271 2655 αὐτῶν
298 2592 334 2655 τὸ
363 2592 444 2674 πρὸς
470 2591 549 2664 τοὺς
566 2585 730 2672 Ἕλληνας
758 2588 840 2671 ἰδοι,
868 2586 950 2652 ἀλλά
973 2584 1028 2652 καί
1058 2585 1094 2651 ἐκ
1116 2597 1231 2671 τῆςιιει

160 2697 323 2778 κερτόμου
350 2693 404 2760 καί
431 2701 644 2778 τωθαστικῆς.
691 2693 771 2778 μετὰ
800 2694 863 2779 γὰρ
894 2696 971 2770 τοὺς
999 2692 1173 2771 ἐνοπλίους

161 2800 281 2883 χοροὺς
300 2799 336 2861 οἰ
355 2809 422 2862 τῶν
441 2809 647 2882 σατυριστῶν
666 2795 852 2880 ἐπόμπευον
872 2797 967 2884 χοροὶ
985 2800 1046 2883 τὴν
1060 2797 1173 2883 Ἐλλη-

160 2904 259 2987 νικῆν
282 2905 536 2987 εἰδοφοροῦντες
558 2906 711 2968 σίκιννιν.
757 2903 871 2969 σκευαί
896 2902 926 2969 δ’
954 2905 1066 2982 αὐτοῖς
1088 2901 1172 2990 ἦσαν

122 3034 148 3075 ιε
162 3021 230 3086 τοῖς
259 3004 319 3093 μὲν
347 3011 394 3085 εἰς
423 3010 590 3094 Σιληνοὺς
621 3009 802 3074 εἰκασθεῖσι
832 3009 998 3094 μαλλωτοὶ
1027 3023 1172 3097 χιτῶνες,

163 3116 221 3193 οὓς
244 3118 329 3182 ἔνιοι
346 3120 519 3205 χορταίους
537 3120 688 3200 καλοῦσι,
710 3114 765 3181 καί
783 3121 977 3204 περιβόλαια
998 3117 1034 3183 ἐκ
1051 3121 1172 3197 παντὸς

236 3322 302 3381 ιίν
321 3326 385 3380 add.
405 3325 508 3380 Reiske
593 3326 765 3395 4εόρείηΒ
847 3325 985 3396 όῆωιηοε
1004 3329 1056 3382 AB
1139 3335 1171 3382 14

163 3395 459 3467 προκατορχουμένονς
477 3396 500 3448 Β
516 3397 520 3466 Ι
536 3396 612 3464 ἰάχων
625 3397 678 3450 ΑΒ
697 3395 815 3467 εἰσάγων
830 3397 952 3467 Sylburg
971 3396 1056 3468 λέγων
1070 3399 1171 3454 Reiske

166 3473 197 3519 17
217 3468 319 3535 μεσοὺς
335 3467 388 3521 ἈΒ
461 3473 494 3521 22
513 3467 562 3522 καὶ
580 3467 860 3540 τωβίβίθαστικῆςΑ
