2538 3884
577 215 743 291 ’.Θ-

152 380 214 463 την
240 380 421 462 καταδίκην
444 377 649 462 ἀπαριθμεῖν
672 412 716 422 -
739 376 800 442 οὐκ
823 378 978 461 ἠξίωσεν,
1002 376 1087 443 ἀλλά
1109 385 1172 443 θα-

152 485 254 551 νάτου
277 486 340 568 τὴν
362 485 539 569 συμφορὰν
561 483 783 568 τιμησάμενος
805 489 891 550 οῖκοι
910 483 1023 567 με’νων
1040 482 1098 549 καλ
1117 485 1174 550 οὐ·

152 589 234 657 δένα
264 589 480 675 προσιέμενος
508 591 574 655 ὑπό
601 588 630 653 τ’
660 588 808 672 ἀθυμίας
834 588 890 656 καὶ
917 594 1021 656 σίτων
1048 591 1175 675 ἀποχῆς

153 694 338 783 μαρανθεὶς
369 694 490 779 ἀπέστη
522 706 583 761 τοῦ
615 698 703 780 βίον.
753 693 808 760 καὶ
837 697 877 760 τά
905 693 968 780 μὲν
998 696 1036 761 ἐν
1065 697 1174 785 τούτῳ

123 801 345 890 σπραχθέντα
367 813 413 891 τῷ
438 801 579 889 ἐνιαυτῷ
601 802 714 867 τοιάδε
737 797 789 885 ἦν.

220 909 377 975 XXVIII.
418 912 573 975 Ποπλίου
604 905 642 973 δέ
674 909 862 994 Οὐαλερίου
889 912 1090 975 Ποπλικόλα
1119 907 1175 974 καὶ

154 1020 260 1083 Γαίου
279 1017 431 1080 Ναυτίου
454 1016 717 1100 παραλαβόντων
739 1015 800 1098 τὴν
823 1013 930 1099 ἀρχὴν
951 1014 1064 1100 ἕτερος
1088 1015 1176 1100 ἀνὴρ

154 1123 255 1188 πάλιν
277 1131 344 1186 τῶν
366 1124 549 1205 πατρικίων
567 1120 731 1206 Σερούιος
748 1124 958 1204 Σερουίλιος,
981 1121 1000 1187 ό
1023 1131 1070 1209 τῷ
1092 1143 1178 1204 παρ

155 1230 290 1293 ελθόντι
319 1227 505 1303 ὑπατεύσας
532 1229 611 1310 ἔτει,
642 1222 710 1309 μετ’
738 1225 780 1292 οὐ
806 1229 916 1293 πολὺν
937 1226 958 1310 ἢ
982 1227 1045 1310 τὴν
1067 1227 1177 1314 ἀρχὴν

116 1353 141 1392 1⁰
155 1331 346 1400 ἀποθέσθαι
363 1336 488 1419 χρόνον
506 1334 554 1409 είς
570 1334 630 1399 τὸν
647 1329 731 1418 ὑπὲρ
749 1341 808 1414 τῆς
823 1341 932 1417 ψυχῆς
945 1333 1060 1416 ἀγῶνα
1074 1335 1176 1419 ἤχθη.

154 1443 191 1507 οί
211 1437 248 1506 δέ
270 1440 453 1528 προθέντες
475 1440 563 1527 αὐτῷ
586 1440 649 1522 τὴν
672 1438 773 1527 ἐντῷ
792 1439 886 1528 δήμῳ
906 1441 1004 1523 δίκην
1023 1440 1087 1504 δύο
1107 1453 1177 1506 τῶν

156 1549 334 1634 δημάρχων
352 1544 449 1632 ἦσαν,
472 1547 615 1622 Λεύκιος
632 1547 807 1622 Καιδίκιος
824 1543 880 1610 καὶ
902 1548 1000 1622 Τῖτος
1018 1547 1177 1630 Στάτιος,

156 1654 217 1720 οὐκ
246 1653 461 1737 ἀδικήματος,
491 1650 574 1716 ἀλλά
601 1653 701 1737 τύχης
727 1650 944 1727 ἀπαιτοῦντες
970 1654 1091 1736 λόγον,
1123 1653 1176 1718 ὅτι

155 1761 237 1824 κατά
266 1761 327 1842 τὴν
356 1761 438 1844 πρὸς
470 1760 663 1843 Τυρρηνοὺς
693 1757 802 1842 μάχην
831 1757 1001 1842 ὠσάμενος
1030 1756 1085 1822 ἐπὶ
1113 1761 1176 1824 τὸν

117 1887 142 1926 15
156 1865 283 1950 χάρακα
309 1874 377 1928 τῶν
404 1867 571 1949 πολεμίων
599 1864 618 1930 ό
647 1863 731 1949 ἀνὴρ
759 1865 971 1950 θρασύτερον
998 1869 1129 1948 μᾶλλον
1152 1865 1242 1949 {ils-21

157 1971 426 2057 φρονιμώτερον,
459 1969 604 2056 ἐδιώχθη
636 1993 672 2035 τε
702 1971 769 2036 ὑπὸ
799 1981 869 2036 τῶν
900 1972 1000 2036 ἔνδον
1034 1970 1176 2057 ἀθρόων

158 2076 404 2156 ἐπεξελθόντων
437 2074 493 2141 καὶ
526 2077 587 2159 τὴν
618 2079 795 2160 κρατίστην
826 2080 965 2161 νεότητα
998 2076 1175 2162 ἀπέβαλεν.

122 2182 142 2244 2
158 2180 255 2261 οὗτος
273 2184 291 2250 ὁ
310 2182 402 2268 άγὼν
419 2181 575 2248 ἁπάντων
594 2181 698 2267 ἐφάνη
717 2195 787 2260 τοῖς
804 2187 989 2269 πατρικίοις
1003 2182 1174 2266 [ἀγώνων]

158 2291 357 2376 βαρύτατος,
389 2289 598 2373 ἠγανάκτουν
629 2311 665 2354 τε
697 2292 869 2366 συνιόντες
898 2291 980 2376 πρὸς
1009 2289 1178 2373 ἀλλήλους

118 2420 144 2460 ιο
159 2395 213 2462 καὶ
237 2399 350 2462 δεινὸν
364 2396 554 2480 Ιἐποιοῦντο,
577 2397 609 2460 εί
626 2396 683 2472 τάς
701 2396 875 2479 εὐτολμίας
892 2408 960 2461 τῶν
978 2408 1177 2481 στρατηγῶν

86 2547 89 2554 1
157 2501 213 2568 καί
240 2505 278 2567 τὸ
306 2500 432 2586 μηδένα
458 2503 619 2566 κίνδυνον
646 2500 773 2584 ὀκνεῖν,
803 2499 862 2565 ε’ἀν
890 2500 1077 2588 ἐναντιωθῇ
1101 2515 1177 2580 ταῖς

159 2609 329 2692 ἐπιβολαῖς
351 2608 461 2673 αὐτῶν
483 2611 522 2673 τὸ
541 2608 729 2691 δαιμόνιον,
751 2609 798 2682 είς
815 2611 1016 2693 κατηγορίαν
1032 2607 1178 2687 ἀίξουσιν

160 2716 196 2779 οί
220 2717 264 2798 μη
293 2714 428 2790 στάντες
454 2714 542 2799 παρά
569 2714 609 2778 τά
637 2713 744 2778 δεινά·
775 2715 901 2790 δειλίας
926 2736 962 2779 τε
988 2712 1045 2778 καλ
1068 2717 1175 2781 όκνου

159 2818 215 2884 καὶ
236 2829 297 2884 τοῦ
320 2815 424 2904 μηδὲν
448 2821 495 2883 ἔτι
517 2831 731 2902 καινουργεῖν
749 2821 827 2895 τοὺς
844 2818 1020 2904 ἡγεμόνας,
1042 2817 1102 2905 ὑφ’
1126 2815 1176 2885 ὧν

231 3053 247 3101 3
268 3040 370 3115 ἐποχῆς
388 3043 411 3098 0
430 3044 538 3125 ἀποχῆς
557 3045 678 3114 Sylburg
736 3052 753 3099 4
772 3045 930 3115 μαρανθεὶς
947 3045 982 3100 cf.
998 3045 1088 3101 Cobet
1107 3045 1176 3103 obs.

159 3111 1071 3254 {ffloezssfgz’ffsg3²25?02352221231150055553253?3.
1092 3125 1177 3257 τά

159 3283 217 3326 τιος
236 3261 286 3316 Ac
377 3265 410 3314 16
432 3257 542 3328 άθροον
560 3257 639 3312 ABG
662 3257 778 3328 ἀθρόων
796 3257 843 3312 Ba
930 3263 963 3312 18
982 3258 1176 3327 *άγώνωνΟ

159 3333 239 3388 uncis
258 3330 362 3386 inclusi
433 3335 468 3384 20
492 3329 519 3385 εί
536 3323 567 3383 ἐκ
585 3337 635 3398 της
653 3329 798 3398 εὐτολμίας
815 3331 840 3382 Α
912 3335 946 3383 22
967 3324 1132 3400 ἐπιβουλαῖς
1151 3330 1176 3382 Α

161 3409 195 3460 24
219 3412 298 3472 σφῶν
317 3401 340 3455 0
364 3399 415 3470 ὐφ’
432 3397 471 3456 ὧν
493 3399 597 3455 Reiske
627 3401 631 3469 Ι
661 3408 739 3468 σφῶν
759 3395 925 3471 ἐλευθερίαν
945 3419 975 3454 τε
994 3400 1178 3455 ἀπόλλυσθαι

161 3474 210 3525 καλ
228 3473 381 3541 ἡγεμονίαν
399 3473 591 3528 καταλύεσθαι
609 3473 634 3524 Α
