2484 3876
109 183 173 248 178
531 180 698 230 -Η-

108 346 165 422 τὰς
196 341 268 427 ἑξῆς
299 341 424 426 έχώρει.
471 338 644 424 Ἀλβιήτας
680 332 742 422 μὲν
774 331 837 402 οὖν
869 333 924 402 καὶ
950 335 1129 418 Μογιλλα-

108 452 189 527 νοὺς
211 447 248 514 έκ
266 449 473 534 τειχομαχίας
491 445 589 531 αίρεϊ,
611 446 869 529 χχωριελανοὺς
890 437 927 507 δὲ
945 437 1021 506 καθ’
1046 441 1130 525 ὁμο-

74 558 222 639 3λογίας
248 553 508 640 παραλαμβάνει.
558 553 736 635 γενόμενος
766 543 797 615 δ’
829 548 866 615 έν
892 544 1030 634 ἡμέραις
1055 569 1130 633 τρι-

101 663 232 729 άκοντα
254 664 384 728 πόλεων
407 656 487 724 ἑπτά
509 657 623 743 κύριος
640 651 720 740 ἧκεν
741 653 794 722 ἐπὶ
812 656 874 740 τὴν
887 652 1014 740 Ῥώμην
1033 653 1130 737 άγων

81 771 195 835 επολὺ
223 771 324 834 πλείω
348 764 505 851 στρατιάν
527 771 584 848 τῆς
606 759 766 848 προτέρας
788 759 843 827 καὶ
867 762 1023 839 σταδίους
1045 757 1131 827 άπο-

110 875 199 960 σχὼν
226 882 283 958 τῆς
311 875 438 950 πόλεως
461 870 562 958 ὀλίγῳ
585 870 719 946 πλείους
745 877 813 934 τῶν
836 866 1014 954 τριάκοντα
1036 866 1131 952 παρά

109 981 171 1064 τὴν
185 979 238 1046 ἐπὶ
252 980 465 1054 Τυσκλανοὺς
477 973 648 1061 φέρουσαν
663 975 745 1041 ὁδὸν
756 971 1130 1060 κατεστρατοπέδευσεν.

111 1083 147 1149 ἐν
171 1078 196 1172 ᾧ
222 1081 259 1150 δὲ
281 1085 338 1162 τὰς
356 1087 512 1149 Λατίνων
532 1078 639 1168 ἐξῄρει
662 1104 697 1147 τε
719 1078 775 1146 καὶ
797 1082 982 1166 προσήγετο
1002 1081 1132 1162 πόλεις,

105 1188 277 1274 Ῥωμαίοις
303 1192 386 1276 πρὸς
412 1190 470 1267 τάς
497 1187 652 1272 ἐπιταγάς
678 1187 782 1254 αὐτοῦ
809 1188 917 1253 πολλδι
943 1190 1126 1272 βουλευσα-
1135 1201 1202 1250 1589

70 1319 97 1360 ιο
111 1293 225 1380 μένοις
254 1293 345 1374 ἔδοξε
375 1291 479 1380 μηδὲν
510 1293 647 1374 άνάξιον
670 1306 780 1361 ποιεῖν
803 1302 861 1378 τῆς
882 1296 1020 1376 πόλεως,
1049 1287 1126 1357 ἀλλ’

112 1399 170 1467 ἐὰν
197 1397 258 1487 μέν
286 1399 478 1468 ἀπέλθωσιν
505 1399 616 1466 αὐτῶν
647 1399 683 1466 ίκ
704 1408 763 1484 τῆς
784 1399 893 1486 χώρας
917 1398 1134 1465 Οὐολοῦσκοι

111 1504 166 1574 καὶ
192 1516 250 1593 τῆς
276 1519 343 1575 τῶν
370 1507 552 1593 συμμάχων
579 1529 613 1572 τε
636 1503 691 1572 καὶ
713 1505 870 1591 ὑπηκόων
895 1507 1000 1590 [γῆς],
1027 1501 1134 1587 <καὶ>

111 1614 375 1698 καταλυσάμενοι
397 1616 456 1680 τὸν
474 1615 619 1698 πόλεμον
637 1609 791 1698 πρέσβεις
811 1610 1030 1678 ἀποστείλωσι
1048 1611 1132 1686 τοὺς

113 1718 365 1807 διαλεξομένους
382 1716 457 1805 περὶ
474 1722 598 1803 φιλίας,
615 1722 861 1804 προβουλεῦσαι
879 1720 916 1784 τὸ
936 1714 1133 1802 συνέδριον,
1150 1745 1154 1751 ’

72 1845 98 1886 15
113 1820 163 1909 ἐφ’
190 1815 241 1912 οἷς
271 1825 401 1890 ἔσονται
431 1825 574 1902 δικαίοις
602 1828 714 1910 φίλοι,
746 1821 802 1890 καὶ
830 1825 874 1889 τά
898 1819 1131 1910 βουλευθέντα

112 1931 159 2006 είς
185 1931 244 1995 τὸν
268 1929 375 2015 δῆμον
402 1928 596 2014 ἐξενεγκεῖν·
624 1930 686 2008 ἕως
713 1925 743 1996 δ’
770 1931 813 1998 άν
835 1930 872 1996 έν
895 1939 933 2016 τῇ
956 1931 1049 2018 χώρᾳ
1072 1925 1132 2012 μέ-

112 2057 227 2112 νοντες
248 2034 358 2100 αὐτῶν
376 2033 517 2101 καὶτῶν
535 2037 717 2121 συμμάχων
736 2039 816 2123 ἔργα
841 2037 1008 2123 πράττωσι
1030 2040 1131 2102 πολε-

77 2139 209 2226 4μίων,
232 2137 342 2227 μηθέν
364 2140 476 2220 αὐτοῖς
498 2145 701 2227 ψηφίζεσθαι
723 2144 977 2229 φιλάνθρωπον.
1022 2145 1144 2218 πολὺς.

113 2248 176 2332 γάρ
200 2249 241 2332 δὴ
260 2245 431 2334 Ῥωμαίοις
448 2246 500 2314 άεὶ
518 2251 617 2332 λόγος
639 2259 699 2316 τοῦ
722 2245 831 2334 μιχθὲν
854 2250 978 2335 δρᾶσαί
997 2245 1069 2314 ποτ’
1094 2245 1130 2328 ἐξ

74 2373 100 2412 εο
114 2351 330 2438 ἐπιτάγματος
361 2351 444 2440 μηδὲ
477 2357 572 2444 φόβῳ
604 2358 771 2439 πολεμίων
803 2353 963 2438 εἴξαντας,
995 2369 1131 2420 σπεισα-

113 2454 226 2538 μένοις
244 2456 281 2525 δὲ
299 2469 368 2537 τοίς
387 2462 560 2546 διαφόροις
577 2457 633 2526 καὶ
646 2470 874 2548 παρασχοῦσιν
888 2457 1029 2537 ἑαυτοὺς
1045 2460 1130 2545 ὑπη-

112 2563 213 2638 κόους
239 2569 434 2651 χαρίζεσθαί
457 2589 492 2632 τε
520 2565 575 2634 καὶ
599 2565 783 2653 ἐπιτρέπειν
807 2567 886 2633 ὅτου
909 2565 1045 2633 δέοιντο
1060 2577 1129 2632 τῶν

113 2669 265 2746 μετρίων.
305 2669 476 2738 καὶτοῦτο
495 2675 532 2739 τὸ
555 2676 710 2759 φρόνημα
734 2672 770 2739 έν
793 2678 928 2760 πολλοῖς
950 2669 1006 2738 καὶ
1029 2671 1130 2758 μεγά

112 2766 184 2838 ένοις
210 2774 383 2854 κινδύνοις
410 2779 622 2861 φυλάττουσα
645 2778 665 2860 ἡ
688 2782 784 2857 πόλις
806 2779 887 2846 κατά
909 2801 943 2844 τε
966 2782 1045 2857 τοὺς
1068 2778 1129 2844 ὀθ-

69 2879 97 2918 ²⁶
110 2868 224 2945 λείους
253 2875 309 2942 καὶ
335 2884 414 2960 τοὺς
441 2882 622 2968 ἐμφυλίους
648 2882 814 2968 πολέμους
841 2883 938 2972 μέχρι
963 2895 1023 2952 τοῦ
1046 2881 1125 2950 καθ’

109 2962 196 3045 ἡμᾶς
218 2982 343 3061 χρόνον
368 2986 578 3055 διατετέλεκε.

108 3167 110 3172 ,
171 3128 800 3244 11ἀλβίηταςΑΒΛαβινιάταςο.ὃγλοιτες
834 3149 838 3217 Ι
872 3149 1085 3217 μοσεγιλαίνους
1103 3147 1129 3200 Α

103 3201 171 3303 ‘7⁴⁰7‘
188 3213 292 3294 αινθβε
310 3211 360 3272 ΒΟ
433 3225 448 3272 2
468 3219 653 3289 χωριελανοὺς
672 3217 694 3272 Ο
713 3219 903 3288 Κοριολανοδς
922 3233 944 3274 ο.
966 3217 1128 3288 Stephanus

102 3274 336 3376 κοχουσκλανους
353 3287 379 3341 Α
470 3296 502 3342 12
521 3297 572 3358 γῆς
596 3289 649 3344 δελ.
669 3289 793 3343 Reudler
811 3288 902 3344 Τίτου.
921 3287 983 3342 orit.
1003 3307 1031 3358 p.
1052 3295 1086 3343 56
1122 3288 1126 3359 Ι

101 3381 134 3439 ἐν
173 3339 243 3421 ”Pte
264 3359 490 3429 καταλυσάμενοι
509 3360 572 3416 αδδ.
592 3359 693 3412 Portus
748 3364 783 3412 20
798 3357 1038 3429 σπεισαμένουςΑ
1093 3365 1127 3414 2³

149 3414 210 3463 τοις
224 3422 375 3489 πολλοῑςΟ
389 3430 533 3498 praeterB
589 3436 623 3484 26
638 3427 870 3502 διατετέλεκε<ν>
879 3431 912 3484 ut
926 3429 1094 3498 saepisuime
1104 3429 1130 3482 Β
1147 3433 1149 3436 ’
