2508 3882
531 225 697 275 -Η-
791 279 794 286 .
1053 223 1116 288 227

103 388 215 468 μαίων
244 384 352 462 ἱππεῖς
379 383 460 470 <έν>
476 385 577 464 Ιτάξει
603 385 825 468 ἠκολούθουν.
876 383 946 450 ἐπεὶ
974 381 1010 450 δὲ
1037 385 1156 469 πρὸςλ

103 501 149 580 τῷ
174 491 312 576 ἐρύματι
329 485 427 575 ἦσαν,
450 489 544 576 ἑτέρα
567 494 693 573 γίνεται
711 491 795 576 μάχη
819 502 886 557 τών
906 490 1031 558 ἱππέων
1049 491 1117 559 έπι-

102 596 300 683 βαινόντων
315 609 384 675 τοῖς
406 599 696 684 περισταυρώμασι
718 599 800 663 κατὰ
823 599 929 664 πολλὰ
951 596 1034 684 μέρη
1057 609 1118 665 τοῦ

103 705 250 790 χάρακος
272 705 361 785 ὀξεῖα
387 703 443 770 καὶ
470 707 699 791 παλίντροπος.
744 701 963 788 πονουμένων
991 702 1028 770 δέ
1051 716 1118 772 τῶν

100 809 271 895 Ῥωμαίων
300 811 319 877 δ
348 811 472 888 ὕπατος
500 812 656 888 κελεύσας
686 822 757 888 τοῖς
778 814 887 890 πεζοῖς
908 810 993 895 ύλην
1016 829 1117 895 προσ·
1144 832 1157 874 ι

27 963 38 984 .
108 916 303 1001 ενέγκαντας
321 916 490 1003 ἀποχῶσαι
507 918 566 994 τάς
583 917 740 1002 τάφρους,
759 927 889 999 πρῶτος
902 915 1017 1002 ἐχώρει
1035 919 1117 983 κατά

108 1026 143 1090 τὸ
170 1023 327 1108 ἐπίβατον
354 1025 439 1109 ἔχων
466 1025 543 1100 τοὺς
570 1022 724 1108 ἀρίστους
745 1027 812 1090 τῶν
837 1021 962 1088 ἱππέων
985 1021 1038 1089 ἐπὶ
1060 1025 1118 1102 τάς

106 1129 313 1216 ἐχυρωτάτας
339 1139 399 1197 τοῦ
427 1129 570 1216 χάρακος
596 1130 714 1207 πύλας·
749 1128 945 1207 ἀναστείλας
975 1125 1013 1195 δέ
1040 1133 1118 1207 τοὺς

103 1239 168 1321 πρὸ
191 1237 303 1303 αὐτῶν
327 1233 533 1322 μαχομένους
554 1234 610 1301 καὶ
628 1239 706 1314 τοὺς
725 1236 949 1319 καταρράκτας
966 1247 1033 1303 τών
1056 1258 1118 1302 πυ-

103 1349 174 1408 λῶν
197 1344 359 1420 διακόψας
381 1341 473 1420 έντὸς
496 1335 642 1426 ἐγεγόνει
665 1353 731 1408 τῶν
754 1341 937 1428 ἐρυμάτων,
962 1340 1018 1408 καὶ
1040 1345 1118 1420 τοὺς
1132 1369 1158 1410 ιο
1199 1352 1202 1360 “

104 1449 256 1526 ἐπιόντας
288 1460 355 1515 τῶν
391 1447 559 1535 σφετέρων
574 1518 577 1526 ,
590 1452 695 1528 πεζῶν
728 1446 863 1535 έδέχετο.
923 1451 1049 1526 Τύλλος
1081 1445 1151 1523 δ’8

96 1554 224 1633 ’Ἁττιος
247 1557 333 1641 ἔχων
356 1559 433 1632 τοὺς
456 1555 760 1642 ἐρρωμενεστάτους
781 1553 837 1621 καὶ
857 1555 1117 1640 εὐτολμοτάτους

106 1661 331 1728 Οὐολούσκων
358 1663 458 1747 ὁμόσε
486 1661 574 1749 αὐτῷ
600 1674 704 1746 χωρεῖ
727 1659 783 1728 καὶ
811 1663 917 1727 πολλὰ
939 1663 1019 1748 ἔργα
1041 1685 1117 1745 γεν-

36 1780 182 1835 εοεεναῑα
208 1767 478 1854 ἀποδειξάμενος·
506 1764 549 1852 ἦν
576 1769 639 1852 γάρ
666 1767 852 1852 ἀγωνιστὴς
879 1765 940 1854 μὲν
963 1766 1116 1853 πολέμων

103 1873 226 1963 σφόδρ’
247 1877 395 1960 ἄλκιμος,
413 1885 632 1962 στρατηγῆσαι
652 1873 682 1940 δ’
701 1875 761 1961 οὐχ
783 1876 908 1953 ἱκανός·
926 1875 992 1942 ὑπὸ
1011 1879 1117 1942 κόπου
1131 1899 1156 1941 15

102 2005 137 2048 τε
160 1981 217 2048 καὶ
241 1986 392 2068 πλήθους
418 1982 614 2069 τραυμάτων
637 1980 880 2068 καταπονηθεὶς
903 1982 1117 2066 ἀποθνήσκει.

101 2101 170 2156 τών
195 2072 226 2156 δ’
254 2090 365 2154 ἀλλων
389 2089 624 2172 Οὐολούσκων,
650 2088 762 2174 ἐπειδὴ
785 2090 804 2156 δ
829 2087 930 2176 χάραξ
953 2089 1116 2173 ἡλίσκετο,

104 2198 135 2262 οἱ
156 2193 222 2281 μέν
246 2194 483 2279 ἀγωνιζόμενοι
505 2199 748 2280 κατεκόπησαν,
775 2197 811 2262 οἱ
837 2192 874 2262 δέ
896 2197 935 2261 τά
959 2195 1044 2260 ὅπλα
1066 2194 1116 2278 ρί-
1248 2223 1252 2234 ·

104 2313 227 2382 ύαντες
263 2304 345 2388 πρὸς
382 2302 503 2380 ἱκεσίας
541 2313 608 2368 τῶν
644 2304 892 2389 κεκρατηκότων
924 2300 1115 2388 ἐτράποντο,

102 2410 212 2494 ὀλίγοι
240 2406 285 2480 δέ,
304 2431 391 2487 τινες
416 2406 469 2474 ἐπὶ
491 2410 531 2474 τά
553 2410 658 2474 οἰκεία
680 2410 861 2494 φεύγοντες
884 2406 1114 2491 ἀπεσώθησαν.
1128 2432 1155 2471 το

101 2515 317 2602 ἀφικομένων
340 2513 370 2582 δ’
398 2519 444 2593 εἱς
465 2517 526 2600 την
544 2514 669 2600 Ῥώμην
692 2514 854 2600 ἀγγέλων,
882 2514 941 2591 οὓς
968 2511 1149 2586 ἀπίστει-9

100 2628 164 2688 λαν
190 2623 226 2689 οἱ
246 2622 379 2706 ὐπατοι,
406 2626 540 2706 μεγίστη
564 2623 649 2706 χαρά
671 2623 730 2687 τὸν
755 2623 864 2706 δῆμον
887 2617 1115 2707 κατέσχε,καὶ

100 2730 223 2795 αὐτίκα
241 2740 310 2806 τοῖς
327 2723 388 2812 μὲν
401 2735 494 2806 θεοῖς
511 2731 744 2814 χαριστηρίους
762 2727 967 2813 έύηφίσαπο
981 2732 1116 2813 θυσίας,

98 2848 172 2913 τοῖς
196 2832 227 2901 δ’
250 2834 387 2912 ὑπάτοις
404 2836 549 2919 τὴντῶν
572 2835 748 2920 θριάμβων
774 2835 873 2918 τιμὴν
896 2836 1116 2922 προσέθεσαν.

100 2943 142 3010 οὐ
168 2941 282 3027 μέντοι
304 2941 365 3024 την
388 2941 491 3025 αὐτήν
509 2936 539 3025 γ’
563 2938 772 3027 ἀμφοτέροις·
797 2940 880 3006 ἀλλά
898 2945 1024 3031 Σικκίφ
1043 2940 1116 3026 μέν,
1129 2963 1156 3005 τε

100 3048 217 3132 ἐπειδη
237 3051 347 3132 φόβου
365 3051 514 3133 μείζονος
531 3046 797 3133 ἠλευθερωκέναι
817 3046 925 3114 ε’δόκει
943 3049 1003 3132 την
1017 3051 1115 3113 πόλιν

177 3283 190 3329 1
212 3270 244 3330 έν
262 3275 326 3331 add.
346 3275 506 3345 Stephanus
587 3281 604 3329 4
622 3273 879 3345 καταπονουμένων
898 3292 921 3329 ο.
941 3272 1030 3328 Cobet
1049 3272 1115 3327 Obs.

98 3365 126 3417 p.
149 3352 203 3402 168
293 3354 310 3402 8
328 3347 539 3420 άναστ<εί>λας
556 3347 579 3400 Β
669 3352 705 3400 20
728 3350 792 3416 post
816 3342 965 3414 ἐσώθησαν
987 3346 1045 3398 tres
1068 3343 1116 3398 vel

98 3417 240 3544 ηΑωὲἷὶιιοτ
257 3418 371 3474 litterae
390 3435 487 3474 erasae
505 3419 528 3471 Β
636 3423 670 3472 24
688 3416 867 3487 προσέθεσαν
882 3416 928 3470 Ba
950 3411 1113 3486 προέθεσαν

901 3576 953 3631 15*
1069 3655 1072 3666 ¹
