2508 3882
500 195 721 252 -Η--
1024 190 1090 256 265

82 352 268 436 ἐξεπλήρου,
290 355 329 418 τὸ
349 350 387 418 δὲ
404 343 475 419 τῶν
492 336 716 420 Οὐολοόσκων
736 355 960 438 στρατόπεδον
980 354 1091 418 άλλων

83 455 127 524 ἐπ’
163 459 275 535 ἄλλοις
306 459 459 542 ἡκόντων
490 460 618 543 πολλὴν
650 459 790 544 αὔξησιν
823 458 1000 544 ἐλάμβανε·
1036 457 1092 524 καὶ

82 567 185 653 τούτῳ
208 563 407 650 ἐπαρθέντες
429 567 465 631 οί
484 566 644 650 ἡγεμόνες
667 564 786 650 ἐξῆγον
809 565 845 630 ἐκ
867 574 927 631 τοῦ
950 565 1092 651 χάρακος

83 672 141 753 την
163 672 306 754 δύναμιν
330 672 376 748 ὡς
398 673 446 748 είς
468 672 585 757 μάχην.

147 776 376 842 LXXXVIIH.
418 775 646 856 Ἑξελδόντων
679 774 717 843 δέ
747 776 803 843 καὶ
834 787 901 844 τῶν
922 774 1092 860 Ῥωμαίων
1119 794 1133 836 τ

85 882 136 948 καὶ
162 882 441 970 παραταξαμένων
470 885 590 970 ίσχνρὰ
617 885 703 971 μάχη
734 887 860 968 γίνεται
886 880 942 947 καί
966 880 1092 948 ἱππέων

84 987 136 1054 καὶ
157 993 262 1068 πεζῶν
284 987 340 1054 καὶ
362 993 471 1069 ψιλῶν
490 996 545 1077 ίση
568 991 702 1056 πάντων
721 987 901 1076 χρωμένων
918 991 1092 1075 προθυμίᾳ

85 1095 197 1161 τεκαὶ
224 1096 391 1184 ἐμπειρίᾳ,
424 1095 478 1162 καὶ
506 1099 543 1162 τὸ
571 1105 668 1164 νικᾶν
697 1094 836 1162 ἑκάστου
864 1092 940 1180 παρ’
973 1093 1093 1162 ἑαυτὸν

87 1205 185 1284 μόνον
208 1200 400 1285 τιθεμένου·
424 1203 469 1279 ὡς
492 1200 530 1268 δέ
552 1207 670 1288 νεκροί
688 1201 716 1267 τ’
744 1203 854 1268 αὐτῶν
876 1200 996 1268 πολλοὶ
1019 1200 1128 1271 ἐκεί-2

87 1305 243 1392 τέρωθεν,
276 1307 312 1372 έν
345 1301 371 1396 ᾧ
401 1307 590 1393 ἐτάχθησαν
619 1312 744 1398 χωρίῳ,
776 1311 931 1385 πεσόντες
958 1312 1094 1392 ἔκειντο,
1108 1325 1134 1367 1⁰

33 1412 138 1478 πνοιαί
159 1413 339 1498 ἡμιθνῆτες
361 1416 409 1480 ἐτι
431 1418 566 1492 πλείους
590 1418 670 1496 [τῶν
693 1417 852 1498 νεκρῶν],
881 1415 917 1479 οί
942 1411 980 1480 δὲ
1006 1415 1094 1499 παρὰ

88 1522 142 1584 τὸν
163 1519 276 1603 ἀγῶνα
299 1518 417 1584 καὶτὰ
440 1521 533 1585 δεινὰ
557 1523 605 1585 ἔτι
628 1517 842 1603 διαμένοντες
867 1518 975 1600 ὀλίγοι
997 1512 1095 1601 ἦσαν,

90 1624 138 1690 καὶ
160 1622 238 1692 οὐδὲ
256 1620 350 1690 οὗτοι
370 1627 455 1710 δρῶν
472 1626 512 1691 τὰ
530 1624 677 1710 πολέμου
697 1627 777 1710 ἔργα
795 1625 977 1708 δυνάμενοι
994 1626 1095 1708 βαρυ-

91 1735 211 1798 νόντων
234 1727 296 1815 μὲν
319 1731 431 1807 αὐτοῖς
460 1742 528 1797 τῶν
551 1735 799 1817 σκεπαστηρίων
821 1731 880 1808 τὰς
902 1729 1096 1814 εὐωνύμους

92 1848 193 1925 χεῖρας
220 1837 277 1902 διὰ
304 1841 434 1920 πλῆθος
456 1849 524 1903 τῶν
547 1836 782 1922 ἐμπεπηγότων
804 1841 929 1921 βελῶν,
955 1833 1011 1902 καὶ
1034 1836 1096 1901 οὐκ
1109 1859 1136 1900 ιτ

93 1941 214 2008 ἐώντων
246 1941 426 2026 ὑπομένειν
458 1944 516 2020 τὰς
551 1943 757 2030 προσβολάς,
792 1941 1025 2029 τετραμμένων
1058 1939 1096 2007 δέ

80 2060 150 2142 τῶν
172 2047 381 2134 ἐγχειριδίων
403 2050 460 2126 τάς
483 2048 601 2134 ἀκμάς,
630 2052 699 2114 ἐστι
727 2046 757 2114 δ’
785 2044 834 2114 ὧν
862 2048 919 2114 καὶ
940 2051 1096 2130 κατεαγό-

92 2177 151 2220 των
173 2155 276 2238 όλων,
304 2145 355 2232 οἷς
382 2151 487 2221 οὐδὲν
511 2158 558 2220 ἐτι
585 2151 628 2239 ἦν
650 2162 811 2240 χρῆσθαι,
838 2165 899 2219 τοῦ
922 2177 957 2218 τε
979 2155 1096 2234 κόπου,

93 2260 123 2338 ὃς
150 2259 193 2326 δι’
221 2261 300 2345 ὅλης
329 2258 453 2346 ἡμέρας
482 2261 737 2346 ἀγωνιζομένοις
767 2259 879 2336 αὐτοῖς
900 2261 1004 2336 πολὺς
1027 2257 1096 2341 ἐγε-

92 2371 191 2452 γόνει,
223 2369 453 2454 παραλύοντος
479 2369 519 2432 τά
545 2377 649 2453 νεῦρα
676 2364 815 2442 καὶτὰς
844 2366 970 2447 πληγάς
996 2364 1096 2429 ἀοθε-
1110 2387 1137 2428 ιο

93 2485 152 2551 νεῑς
177 2484 369 2556 ποιοῦντος,
399 2474 538 2558 ίδρῶτος
565 2470 602 2539 δέ
629 2471 685 2538 καὶ
712 2473 811 2556 δίψης
838 2469 893 2536 καὶ
916 2471 1096 2555 άσδματος,

94 2571 140 2644 οἷα
162 2579 198 2646 ἐν
222 2589 367 2666 πνιγηρᾷ
396 2580 466 2667 ὥρᾳ
494 2582 588 2657 ἔτους
610 2592 680 2657 τοῖς
701 2582 809 2645 πολὺν
831 2581 954 2664 χρόνον
977 2575 1097 2660 άγωνι-

12 2765 13 2770 ἵ
94 2684 233 2770 ζομένοις
252 2689 450 2769 συμπίπτειν
469 2691 570 2772 φιλεῖ,
588 2682 666 2772 παρ’
684 2681 881 2771 ἀμφοτέροις
899 2681 1098 2768 γινομένων,

12 2779 13 2874 χ
92 2791 177 2869 τέλος
199 2787 301 2857 οὐδὲν
325 2794 443 2876 ἐλαβεν
466 2790 642 2875 ἀξιόλογον
664 2790 685 2874 ἡ
709 2793 807 2877 μάχη,
830 2787 901 2856 ἀλλ’
924 2790 1098 2875 ἀγαπητῶς

94 2948 160 3014 quod
187 2965 238 3018 pro
269 2943 386 3003 ἐπιοῦσα
410 2947 591 3002 scribendum
618 2964 678 3002 esse
702 2964 725 3002 ο.
749 2947 893 3018 Kiessling
914 2948 1045 3016 idemque
1068 2946 1098 3000 in

12 3047 13 3066 2
94 3019 212 3088 margine
233 3018 301 3074 edit.
320 3019 454 3088 Τεμπῶν,
474 3036 559 3088 quam
576 3019 717 3088 possideo,
735 3018 891 3074 Ambrosch
909 3019 1031 3074 coniecit

157 3097 188 3144 11
208 3098 265 3144 τῶν
285 3099 391 3161 νεκρῶν
410 3089 464 3146 del.
483 3090 607 3144 Reudler
625 3089 716 3144 Τίτου.
735 3089 797 3143 crit.
816 3108 843 3159 p.
859 3095 893 3144 58
974 3096 1006 3144 12
1025 3087 1098 3142 αὐτὰ

12 3119 14 3202 ἐ
94 3159 123 3213 τὰ
139 3161 219 3216 δεινὰ
238 3178 261 3215 ο.
282 3160 403 3215 Grasber
425 3178 455 3215 er
473 3161 637 3231 Philologus
656 3168 690 3216 28
709 3163 801 3231 (1869)
820 3178 847 3229 p.
863 3165 915 3214 533
998 3167 1030 3212 16
1049 3156 1098 3227 με’-

95 3249 146 3286 νειν
162 3231 212 3286 ΒΟ
232 3231 384 3302 ὑπομένειν
403 3180 429 3286 fi
454 3237 457 3301 1
487 3231 627 3305 προβολὰς
650 3249 673 3288 ο,
692 3231 796 3286 Reiske
814 3231 850 3373 χ)
859 3227 1053 3353 τετροχμχιένων
1064 3227 1096 3352 12

852 3320 907 3354 των

12 3381 13 3418 3
96 3379 208 3444 χρῆσθαι
226 3373 318 3430 κόπου
336 3393 398 3436 τεος
412 3375 458 3428 Ba
476 3395 500 3443 χ.
515 3383 564 3428 τοῦ
583 3393 609 3429 κ.
623 3393 653 3428 τε
672 3373 702 3436 ὃς
716 3374 764 3427 Bb
783 3394 807 3444 χ.
822 3380 871 3426 τοῦ
891 3390 916 3424 κ.
936 3368 966 3432 ὃς
984 3369 1008 3421 Α
1062 3375 1096 3423 22

62 3491 65 3496 .
97 3443 213 3516 ἐμπνίγει
233 3445 293 3520 ὥρᾳ
311 3445 336 3499 Α
356 3441 387 3500 ἐν
406 3444 573 3520 πν<ιγηρᾷ>
592 3443 651 3520 ὥρᾳ
670 3463 685 3499 ε
704 3460 773 3499 corr.
793 3443 840 3498 Bb

12 3329 13 3366 ς
95 3301 272 3374 ιετριμμένων
296 3319 320 3361 ο.
340 3303 500 3372 Stephanus
590 3310 622 3358 17
644 3299 812 3375 <ιι>ατεαγ<
