<?xml version="1.0" encoding="UTF-8"?>
<!DOCTYPE html PUBLIC "-//W3C//DTD XHTML 1.0 Transitional//EN"
    "http://www.w3.org/TR/xhtml1/DTD/xhtml1-transitional.dtd">
<html xmlns="http://www.w3.org/1999/xhtml" xml:lang="en" lang="en">
 <head>
  <title>
</title>
<meta http-equiv="Content-Type" content="text/html;charset=utf-8" />
  <meta name='ocr-system' content='tesseract 3.04.00' />
  <meta name='ocr-capabilities' content='ocr_page ocr_carea ocr_par ocr_line ocrx_word'/>
</head>
<body>
  <div class='ocr_page' id='page_1' title='image "./antiquitatumrom02jacogoog_0392.png"; bbox 0 0 2538 3884; ppageno 0'>
   <div class='ocr_carea' id='block_1_1' title="bbox 512 188 1100 253">
    <p class='ocr_par' dir='ltr' id='par_1_1' title="bbox 512 188 1100 253">
     <span class='ocr_line' id='line_1_1' title="bbox 512 188 1100 253; baseline -0.005 2"><span class='ocrx_word' id='word_1_1' title='bbox 512 188 679 240; x_wconf 85' lang='grc' dir='ltr'><strong><em>-Θ-</em></strong></span> <span class='ocrx_word' id='word_1_2' title='bbox 1037 189 1100 253; x_wconf 85' lang='grc'><strong><em>361</em></strong></span> 
     </span>
    </p>
   </div>
   <div class='ocr_carea' id='block_1_2' title="bbox 15 347 1260 2986">
    <p class='ocr_par' dir='ltr' id='par_1_2' title="bbox 15 347 1260 2986">
     <span class='ocr_line' id='line_1_2' title="bbox 81 347 1103 438; baseline 0 -22"><span class='ocrx_word' id='word_1_3' title='bbox 81 353 210 436; x_wconf 82' lang='grc' dir='ltr'><strong><em>χρόνον</em></strong></span> <span class='ocrx_word' id='word_1_4' title='bbox 235 347 265 415; x_wconf 90' lang='grc' dir='ltr'><strong><em>δ’</em></strong></span> <span class='ocrx_word' id='word_1_5' title='bbox 289 348 330 416; x_wconf 87' lang='grc' dir='ltr'><strong><em>οὐ</em></strong></span> <span class='ocrx_word' id='word_1_6' title='bbox 353 352 460 415; x_wconf 85' lang='grc' dir='ltr'><strong><em>πολὺν</em></strong></span> <span class='ocrx_word' id='word_1_7' title='bbox 484 347 520 415; x_wconf 99' lang='grc' dir='ltr'><strong><em>ἐν</em></strong></span> <span class='ocrx_word' id='word_1_8' title='bbox 543 357 581 434; x_wconf 78' lang='grc' dir='ltr'><strong><em>τῇ</em></strong></span> <span class='ocrx_word' id='word_1_9' title='bbox 605 352 746 437; x_wconf 76' lang='grc' dir='ltr'><strong><em>πολεμίᾳ</em></strong></span> <span class='ocrx_word' id='word_1_10' title='bbox 769 351 970 435; x_wconf 75' lang='grc' dir='ltr'><strong><em>διατρίψασα</em></strong></span> <span class='ocrx_word' id='word_1_11' title='bbox 992 360 1103 438; x_wconf 81' lang='grc' dir='ltr'><strong><em>παρῆν</em></strong></span> 
     </span>
     <span class='ocr_line' id='line_1_3' title="bbox 83 453 1104 544; baseline 0 -22"><span class='ocrx_word' id='word_1_12' title='bbox 83 459 135 534; x_wconf 85' lang='grc' dir='ltr'><strong><em>εἰς</em></strong></span> <span class='ocrx_word' id='word_1_13' title='bbox 157 456 217 539; x_wconf 77' lang='grc' dir='ltr'><strong><em>τὴν</em></strong></span> <span class='ocrx_word' id='word_1_14' title='bbox 240 458 339 521; x_wconf 90' lang='grc' dir='ltr'><strong><em>πόλιν</em></strong></span> <span class='ocrx_word' id='word_1_15' title='bbox 363 455 494 539; x_wconf 76' lang='grc' dir='ltr'><strong><em>ἀπαθὴς</em></strong></span> <span class='ocrx_word' id='word_1_16' title='bbox 516 466 639 539; x_wconf 82' lang='grc' dir='ltr'><strong><em>κακῶν,</em></strong></span> <span class='ocrx_word' id='word_1_17' title='bbox 661 458 813 543; x_wconf 89' lang='grc' dir='ltr'><strong><em>λαμπρὸν</em></strong></span> <span class='ocrx_word' id='word_1_18' title='bbox 836 453 889 522; x_wconf 80' lang='grc' dir='ltr'><strong><em>ἐπὶ</em></strong></span> <span class='ocrx_word' id='word_1_19' title='bbox 908 467 976 533; x_wconf 87' lang='grc' dir='ltr'><strong><em>τοῖς</em></strong></span> <span class='ocrx_word' id='word_1_20' title='bbox 995 459 1104 544; x_wconf 79' lang='grc' dir='ltr'><strong><em>ἔργοις</em></strong></span> 
     </span>
     <span class='ocr_line' id='line_1_4' title="bbox 83 558 1136 651; baseline -0.003 -22"><span class='ocrx_word' id='word_1_21' title='bbox 83 565 147 629; x_wconf 90' lang='grc' dir='ltr'><strong><em>τὸν</em></strong></span> <span class='ocrx_word' id='word_1_22' title='bbox 171 564 355 648; x_wconf 83' lang='grc' dir='ltr'><strong><em>στρατηγὸν</em></strong></span> <span class='ocrx_word' id='word_1_23' title='bbox 378 563 514 646; x_wconf 88' lang='grc' dir='ltr'><strong><em>ἀγουσα.</em></strong></span> <span class='ocrx_word' id='word_1_24' title='bbox 550 562 570 645; x_wconf 78' lang='grc' dir='ltr'><em>ἡ</em></span> <span class='ocrx_word' id='word_1_25' title='bbox 595 558 632 628; x_wconf 76' lang='grc' dir='ltr'><strong><em>δὲ</em></strong></span> <span class='ocrx_word' id='word_1_26' title='bbox 650 571 695 650; x_wconf 73' lang='grc' dir='ltr'><strong><em>τῷ</em></strong></span> <span class='ocrx_word' id='word_1_27' title='bbox 710 558 836 651; x_wconf 80' lang='grc' dir='ltr'><strong><em>Ἀππίμ</em></strong></span> <span class='ocrx_word' id='word_1_28' title='bbox 855 562 1136 641; x_wconf 85' lang='grc' dir='ltr'><strong><em>συνεξελθοῦσα3</em></strong></span> 
     </span>
     <span class='ocr_line' id='line_1_5' title="bbox 86 668 1104 766; baseline 0.001 -33"><span class='ocrx_word' id='word_1_29' title='bbox 86 671 231 754; x_wconf 87' lang='grc' dir='ltr'><strong><em>δύναμις</em></strong></span> <span class='ocrx_word' id='word_1_30' title='bbox 253 673 342 752; x_wconf 88' lang='grc' dir='ltr'><strong><em>μίσει</em></strong></span> <span class='ocrx_word' id='word_1_31' title='bbox 364 677 409 757; x_wconf 75' lang='grc' dir='ltr'><strong><em>τῷ</em></strong></span> <span class='ocrx_word' id='word_1_32' title='bbox 433 670 516 755; x_wconf 91' lang='grc' dir='ltr'><strong><em>πρὸς</em></strong></span> <span class='ocrx_word' id='word_1_33' title='bbox 538 668 641 734; x_wconf 88' lang='grc' dir='ltr'><strong><em>αὐτὸν</em></strong></span> <span class='ocrx_word' id='word_1_34' title='bbox 663 670 770 735; x_wconf 77' lang='grc' dir='ltr'><strong><em>πολλὰ</em></strong></span> <span class='ocrx_word' id='word_1_35' title='bbox 787 670 940 766; x_wconf 77' lang='grc' dir='ltr'><strong><em>ὑπερεῖδε</em></strong></span> <span class='ocrx_word' id='word_1_36' title='bbox 957 680 1024 734; x_wconf 87' lang='grc' dir='ltr'><strong><em>τῶν</em></strong></span> <span class='ocrx_word' id='word_1_37' title='bbox 1042 691 1104 735; x_wconf 90' lang='grc' dir='ltr'><strong><em>πα-</em></strong></span> 
     </span>
     <span class='ocr_line' id='line_1_6' title="bbox 85 773 1143 863; baseline 0 -23"><span class='ocrx_word' id='word_1_38' title='bbox 85 779 200 862; x_wconf 88' lang='grc' dir='ltr'><strong><em>τρίων.</em></strong></span> <span class='ocrx_word' id='word_1_39' title='bbox 238 775 278 840; x_wconf 86' lang='grc' dir='ltr'><strong><em>τά</em></strong></span> <span class='ocrx_word' id='word_1_40' title='bbox 301 797 335 840; x_wconf 93' lang='grc' dir='ltr'><strong><em>τε</em></strong></span> <span class='ocrx_word' id='word_1_41' title='bbox 358 776 421 860; x_wconf 86' lang='grc' dir='ltr'><strong><em>γάρ</em></strong></span> <span class='ocrx_word' id='word_1_42' title='bbox 445 776 529 840; x_wconf 88' lang='grc' dir='ltr'><strong><em>ἀλλα</em></strong></span> <span class='ocrx_word' id='word_1_43' title='bbox 548 773 794 842; x_wconf 76' lang='grc' dir='ltr'><strong><em>ἐθελοκακοῦσα</em></strong></span> <span class='ocrx_word' id='word_1_44' title='bbox 812 774 849 841; x_wconf 89' lang='grc' dir='ltr'><strong><em>ἐν</em></strong></span> <span class='ocrx_word' id='word_1_45' title='bbox 868 776 929 862; x_wconf 77' lang='grc' dir='ltr'><strong><em>όλγγ</em></strong></span> <span class='ocrx_word' id='word_1_46' title='bbox 948 784 986 860; x_wconf 74' lang='grc' dir='ltr'><strong><em>τῇ</em></strong></span> <span class='ocrx_word' id='word_1_47' title='bbox 1006 794 1103 863; x_wconf 91' lang='grc' dir='ltr'><strong><em>στρα-</em></strong></span> <span class='ocrx_word' id='word_1_48' title='bbox 1130 793 1143 834; x_wconf 81' lang='lat'><strong>5</strong></span> 
     </span>
     <span class='ocr_line' id='line_1_7' title="bbox 84 879 1102 968; baseline 0.001 -22"><span class='ocrx_word' id='word_1_49' title='bbox 84 885 157 968; x_wconf 83' lang='grc' dir='ltr'><strong><em>τείᾳ</em></strong></span> <span class='ocrx_word' id='word_1_50' title='bbox 176 879 233 946; x_wconf 83' lang='grc' dir='ltr'><strong><em>καί</em></strong></span> <span class='ocrx_word' id='word_1_51' title='bbox 251 881 459 967; x_wconf 81' lang='grc' dir='ltr'><strong><em>ὀλιγωροῦσα</em></strong></span> <span class='ocrx_word' id='word_1_52' title='bbox 477 889 538 947; x_wconf 92' lang='grc' dir='ltr'><strong><em>τοῦ</em></strong></span> <span class='ocrx_word' id='word_1_53' title='bbox 551 881 715 966; x_wconf 77' lang='grc' dir='ltr'><strong><em>ἡγεμόνος</em></strong></span> <span class='ocrx_word' id='word_1_54' title='bbox 729 880 901 965; x_wconf 83' lang='grc' dir='ltr'><strong><em>διετέλεσε,</em></strong></span> <span class='ocrx_word' id='word_1_55' title='bbox 920 879 974 947; x_wconf 80' lang='grc' dir='ltr'><strong><em>καὶ</em></strong></span> <span class='ocrx_word' id='word_1_56' title='bbox 988 880 1102 967; x_wconf 80' lang='grc' dir='ltr'><strong><em>ἐπειδὴ</em></strong></span> 
     </span>
     <span class='ocr_line' id='line_1_8' title="bbox 84 987 1104 1076; baseline 0.002 -25"><span class='ocrx_word' id='word_1_57' title='bbox 84 987 256 1073; x_wconf 79' lang='grc' dir='ltr'><strong><em>μάχεσθαι</em></strong></span> <span class='ocrx_word' id='word_1_58' title='bbox 280 988 347 1052; x_wconf 78' lang='grc' dir='ltr'><strong><em>ἔδει</em></strong></span> <span class='ocrx_word' id='word_1_59' title='bbox 370 995 409 1072; x_wconf 74' lang='grc' dir='ltr'><strong><em>τῇ</em></strong></span> <span class='ocrx_word' id='word_1_60' title='bbox 435 987 660 1054; x_wconf 84' lang='grc' dir='ltr'><strong><em>Οὐολούσκων</em></strong></span> <span class='ocrx_word' id='word_1_61' title='bbox 683 997 834 1076; x_wconf 78' lang='grc' dir='ltr'><strong><em>στρατιᾷ,</em></strong></span> <span class='ocrx_word' id='word_1_62' title='bbox 860 995 1104 1055; x_wconf 74' lang='grc' dir='ltr'><strong><em>κατασταθεῖσα</em></strong></span> 
     </span>
     <span class='ocr_line' id='line_1_9' title="bbox 83 1093 1104 1180; baseline 0.003 -22"><span class='ocrx_word' id='word_1_63' title='bbox 83 1093 152 1160; x_wconf 86' lang='grc' dir='ltr'><strong><em>ὑπὸ</em></strong></span> <span class='ocrx_word' id='word_1_64' title='bbox 176 1105 245 1160; x_wconf 85' lang='grc' dir='ltr'><strong><em>τῶν</em></strong></span> <span class='ocrx_word' id='word_1_65' title='bbox 263 1094 436 1179; x_wconf 77' lang='grc' dir='ltr'><strong><em>ἡγεμόνων</em></strong></span> <span class='ocrx_word' id='word_1_66' title='bbox 455 1095 503 1170; x_wconf 89' lang='grc' dir='ltr'><strong><em>είς</em></strong></span> <span class='ocrx_word' id='word_1_67' title='bbox 520 1093 613 1172; x_wconf 82' lang='grc' dir='ltr'><strong><em>τάξιν</em></strong></span> <span class='ocrx_word' id='word_1_68' title='bbox 632 1095 693 1161; x_wconf 83' lang='grc' dir='ltr'><strong><em>οὐκ</em></strong></span> <span class='ocrx_word' id='word_1_69' title='bbox 711 1094 829 1179; x_wconf 78' lang='grc' dir='ltr'><strong><em>ἠξίωσε</em></strong></span> <span class='ocrx_word' id='word_1_70' title='bbox 848 1104 918 1172; x_wconf 87' lang='grc' dir='ltr'><strong><em>τοῖς</em></strong></span> <span class='ocrx_word' id='word_1_71' title='bbox 935 1098 1104 1180; x_wconf 88' lang='grc' dir='ltr'><strong><em>πολεμίοις</em></strong></span> 
     </span>
     <span class='ocr_line' id='line_1_10' title="bbox 15 1197 1104 1288; baseline 0.002 -22"><span class='ocrx_word' id='word_1_72' title='bbox 15 1202 134 1278; x_wconf 72' lang='grc' dir='ltr'><strong><em>ῖοῖοείς</em></strong></span> <span class='ocrx_word' id='word_1_73' title='bbox 161 1212 274 1288; x_wconf 83' lang='grc' dir='ltr'><strong><em>χεῖρας</em></strong></span> <span class='ocrx_word' id='word_1_74' title='bbox 302 1199 400 1266; x_wconf 90' lang='grc' dir='ltr'><strong><em>ίέναι·</em></strong></span> <span class='ocrx_word' id='word_1_75' title='bbox 432 1197 506 1266; x_wconf 86' lang='grc' dir='ltr'><strong><em>ἀλλ’</em></strong></span> <span class='ocrx_word' id='word_1_76' title='bbox 532 1201 568 1266; x_wconf 79' lang='grc' dir='ltr'><strong><em>οἳ</em></strong></span> <span class='ocrx_word' id='word_1_77' title='bbox 592 1223 627 1265; x_wconf 93' lang='grc' dir='ltr'><strong><em>τε</em></strong></span> <span class='ocrx_word' id='word_1_78' title='bbox 649 1199 786 1288; x_wconf 83' lang='grc' dir='ltr'><strong><em>λοχαγοὶ</em></strong></span> <span class='ocrx_word' id='word_1_79' title='bbox 808 1201 863 1266; x_wconf 77' lang='grc' dir='ltr'><strong><em>καί</em></strong></span> <span class='ocrx_word' id='word_1_80' title='bbox 886 1202 921 1268; x_wconf 88' lang='grc' dir='ltr'><strong><em>οί</em></strong></span> <span class='ocrx_word' id='word_1_81' title='bbox 940 1204 1104 1288; x_wconf 85' lang='grc' dir='ltr'><strong><em>πρόμαχοι</em></strong></span> 
     </span>
     <span class='ocr_line' id='line_1_11' title="bbox 85 1302 1144 1392; baseline 0 -20"><span class='ocrx_word' id='word_1_82' title='bbox 85 1307 215 1388; x_wconf 85' lang='grc' dir='ltr'><strong><em>αὐτῶν,</em></strong></span> <span class='ocrx_word' id='word_1_83' title='bbox 245 1306 281 1371; x_wconf 92' lang='grc' dir='ltr'><strong><em>οί</em></strong></span> <span class='ocrx_word' id='word_1_84' title='bbox 304 1302 366 1390; x_wconf 81' lang='grc' dir='ltr'><strong><em>μὲν</em></strong></span> <span class='ocrx_word' id='word_1_85' title='bbox 393 1307 432 1371; x_wconf 86' lang='grc' dir='ltr'><strong><em>τά</em></strong></span> <span class='ocrx_word' id='word_1_86' title='bbox 460 1315 578 1391; x_wconf 82' lang='grc' dir='ltr'><strong><em>σημεῖα</em></strong></span> <span class='ocrx_word' id='word_1_87' title='bbox 606 1305 778 1392; x_wconf 72' lang='grc' dir='ltr'><strong><em>ῥίψαντες,</em></strong></span> <span class='ocrx_word' id='word_1_88' title='bbox 806 1307 842 1373; x_wconf 78' lang='grc' dir='ltr'><strong><em>ολ</em></strong></span> <span class='ocrx_word' id='word_1_89' title='bbox 868 1304 906 1373; x_wconf 82' lang='grc' dir='ltr'><strong><em>δέ</em></strong></span> <span class='ocrx_word' id='word_1_90' title='bbox 927 1308 990 1392; x_wconf 80' lang='grc' dir='ltr'><strong><em>τὴν</em></strong></span> <span class='ocrx_word' id='word_1_91' title='bbox 1012 1306 1104 1386; x_wconf 86' lang='grc' dir='ltr'><strong><em>τάξιν</em></strong></span> <span class='ocrx_word' id='word_1_92' title='bbox 1118 1325 1144 1364; x_wconf 87' lang='lat'><strong><em>1⁰</em></strong></span> 
     </span>
     <span class='ocr_line' id='line_1_12' title="bbox 84 1410 1140 1499; baseline 0 -22"><span class='ocrx_word' id='word_1_93' title='bbox 84 1411 362 1495; x_wconf 76' lang='grc' dir='ltr'><strong><em>ἐγκαταλιπόντες</em></strong></span> <span class='ocrx_word' id='word_1_94' title='bbox 392 1411 445 1478; x_wconf 89' lang='grc' dir='ltr'><strong><em>ἐπὶ</em></strong></span> <span class='ocrx_word' id='word_1_95' title='bbox 475 1415 533 1479; x_wconf 89' lang='grc' dir='ltr'><strong><em>τὸν</em></strong></span> <span class='ocrx_word' id='word_1_96' title='bbox 563 1413 689 1499; x_wconf 84' lang='grc' dir='ltr'><strong><em>χάρακα</em></strong></span> <span class='ocrx_word' id='word_1_97' title='bbox 720 1415 873 1498; x_wconf 80' lang='grc' dir='ltr'><strong><em>ἔφευγον.</em></strong></span> <span class='ocrx_word' id='word_1_98' title='bbox 918 1410 974 1478; x_wconf 84' lang='grc' dir='ltr'><strong><em>καί</em></strong></span> <span class='ocrx_word' id='word_1_99' title='bbox 1002 1415 1033 1478; x_wconf 85' lang='grc' dir='ltr'><strong><em>εί</em></strong></span> <span class='ocrx_word' id='word_1_100' title='bbox 1059 1413 1140 1498; x_wconf 83' lang='grc' dir='ltr'><strong><em>μὴ4</em></strong></span> 
     </span>
     <span class='ocr_line' id='line_1_13' title="bbox 83 1518 1104 1605; baseline 0.001 -23"><span class='ocrx_word' id='word_1_101' title='bbox 83 1518 323 1603; x_wconf 75' lang='grc' dir='ltr'><strong><em>θαυμάσαντες</em></strong></span> <span class='ocrx_word' id='word_1_102' title='bbox 350 1521 387 1585; x_wconf 92' lang='grc' dir='ltr'><strong><em>τὸ</em></strong></span> <span class='ocrx_word' id='word_1_103' title='bbox 415 1519 607 1605; x_wconf 93' lang='grc' dir='ltr'><strong><em>παράλογον</em></strong></span> <span class='ocrx_word' id='word_1_104' title='bbox 633 1528 691 1603; x_wconf 83' lang='grc' dir='ltr'><strong><em>τῆς</em></strong></span> <span class='ocrx_word' id='word_1_105' title='bbox 716 1527 825 1604; x_wconf 77' lang='grc' dir='ltr'><strong><em>φυγῆς</em></strong></span> <span class='ocrx_word' id='word_1_106' title='bbox 853 1518 963 1584; x_wconf 85' lang='grc' dir='ltr'><strong><em>αὐτῶν</em></strong></span> <span class='ocrx_word' id='word_1_107' title='bbox 991 1518 1027 1584; x_wconf 92' lang='grc' dir='ltr'><strong><em>οί</em></strong></span> <span class='ocrx_word' id='word_1_108' title='bbox 1045 1538 1104 1584; x_wconf 87' lang='grc' dir='ltr'><strong><em>πο-</em></strong></span> 
     </span>
     <span class='ocr_line' id='line_1_14' title="bbox 86 1617 1104 1711; baseline 0.003 -23"><span class='ocrx_word' id='word_1_109' title='bbox 86 1623 197 1708; x_wconf 88' lang='grc' dir='ltr'><strong><em>λέμιοι</em></strong></span> <span class='ocrx_word' id='word_1_110' title='bbox 220 1626 275 1690; x_wconf 80' lang='grc' dir='ltr'><strong><em>καὶ</em></strong></span> <span class='ocrx_word' id='word_1_111' title='bbox 299 1626 478 1710; x_wconf 88' lang='grc' dir='ltr'><strong><em>δείσαντες,</em></strong></span> <span class='ocrx_word' id='word_1_112' title='bbox 502 1626 545 1710; x_wconf 79' lang='grc' dir='ltr'><strong><em>μὴ</em></strong></span> <span class='ocrx_word' id='word_1_113' title='bbox 570 1624 689 1709; x_wconf 78' lang='grc' dir='ltr'><strong><em>ἐνέδρα</em></strong></span> <span class='ocrx_word' id='word_1_114' title='bbox 711 1649 761 1703; x_wconf 90' lang='grc' dir='ltr'><strong><em>τις</em></strong></span> <span class='ocrx_word' id='word_1_115' title='bbox 782 1617 816 1711; x_wconf 76' lang='grc' dir='ltr'><strong><em>ᾖ,</em></strong></span> <span class='ocrx_word' id='word_1_116' title='bbox 839 1634 898 1710; x_wconf 76' lang='grc' dir='ltr'><strong><em>τῆς</em></strong></span> <span class='ocrx_word' id='word_1_117' title='bbox 916 1622 970 1691; x_wconf 82' lang='grc' dir='ltr'><strong><em>ἐπὶ</em></strong></span> <span class='ocrx_word' id='word_1_118' title='bbox 987 1630 1104 1691; x_wconf 89' lang='grc' dir='ltr'><strong><em>πλεῖον</em></strong></span> 
     </span>
     <span class='ocr_line' id='line_1_15' title="bbox 87 1728 1105 1818; baseline 0.002 -22"><span class='ocrx_word' id='word_1_119' title='bbox 87 1730 233 1810; x_wconf 81' lang='grc' dir='ltr'><strong><em>διώξεως</em></strong></span> <span class='ocrx_word' id='word_1_120' title='bbox 261 1731 504 1818; x_wconf 86' lang='grc' dir='ltr'><strong><em>ἀπετράποντο,</em></strong></span> <span class='ocrx_word' id='word_1_121' title='bbox 535 1733 572 1798; x_wconf 89' lang='grc' dir='ltr'><strong><em>τὸ</em></strong></span> <span class='ocrx_word' id='word_1_122' title='bbox 599 1737 715 1798; x_wconf 88' lang='grc' dir='ltr'><strong><em>πλεῖον</em></strong></span> <span class='ocrx_word' id='word_1_123' title='bbox 743 1730 785 1797; x_wconf 88' lang='grc' dir='ltr'><strong><em>ἀν</em></strong></span> <span class='ocrx_word' id='word_1_124' title='bbox 813 1730 912 1818; x_wconf 90' lang='grc' dir='ltr'><strong><em>μέρος</em></strong></span> <span class='ocrx_word' id='word_1_125' title='bbox 938 1741 1005 1798; x_wconf 89' lang='grc' dir='ltr'><strong><em>τῶν</em></strong></span> <span class='ocrx_word' id='word_1_126' title='bbox 1028 1728 1105 1816; x_wconf 76' lang='grc' dir='ltr'><strong><em>Ῥω-</em></strong></span> 
     </span>
     <span class='ocr_line' id='line_1_16' title="bbox 88 1835 1144 1928; baseline 0.002 -26"><span class='ocrx_word' id='word_1_127' title='bbox 88 1841 197 1921; x_wconf 88' lang='grc' dir='ltr'><strong><em>μαίων</em></strong></span> <span class='ocrx_word' id='word_1_128' title='bbox 222 1835 415 1922; x_wconf 80' lang='grc' dir='ltr'><strong><em>διέφθαρτο.</em></strong></span> <span class='ocrx_word' id='word_1_129' title='bbox 458 1836 594 1903; x_wconf 87' lang='grc' dir='ltr'><strong><em>ἐποίουν</em></strong></span> <span class='ocrx_word' id='word_1_130' title='bbox 618 1835 656 1903; x_wconf 73' lang='grc' dir='ltr'><strong><em>δὲ</em></strong></span> <span class='ocrx_word' id='word_1_131' title='bbox 678 1848 781 1924; x_wconf 90' lang='grc' dir='ltr'><strong><em>ταῦτα</em></strong></span> <span class='ocrx_word' id='word_1_132' title='bbox 803 1842 923 1928; x_wconf 73' lang='grc' dir='ltr'><strong><em>φθόνῳ</em></strong></span> <span class='ocrx_word' id='word_1_133' title='bbox 947 1848 1007 1905; x_wconf 94' lang='grc' dir='ltr'><strong><em>τοῦ</em></strong></span> <span class='ocrx_word' id='word_1_134' title='bbox 1029 1837 1103 1922; x_wconf 81' lang='grc' dir='ltr'><strong><em>ἡγε-</em></strong></span> <span class='ocrx_word' id='word_1_135' title='bbox 1118 1853 1144 1894; x_wconf 85' lang='lat'><strong><em>1⁵</em></strong></span> 
     </span>
     <span class='ocr_line' id='line_1_17' title="bbox 88 1942 1105 2031; baseline 0.002 -21"><span class='ocrx_word' id='word_1_136' title='bbox 88 1946 203 2028; x_wconf 88' lang='grc' dir='ltr'><strong><em>μόνος,</em></strong></span> <span class='ocrx_word' id='word_1_137' title='bbox 226 1945 282 2010; x_wconf 80' lang='grc' dir='ltr'><strong><em>ἵνα</em></strong></span> <span class='ocrx_word' id='word_1_138' title='bbox 305 1946 349 2028; x_wconf 82' lang='grc' dir='ltr'><strong><em>μὴ</em></strong></span> <span class='ocrx_word' id='word_1_139' title='bbox 372 1945 475 2009; x_wconf 91' lang='grc' dir='ltr'><strong><em>καλὸν</em></strong></span> <span class='ocrx_word' id='word_1_140' title='bbox 498 1942 669 2029; x_wconf 80' lang='grc' dir='ltr'><strong><em>ἀγώνισμα</em></strong></span> <span class='ocrx_word' id='word_1_141' title='bbox 692 1945 710 2012; x_wconf 86' lang='grc' dir='ltr'>ὁ</span> <span class='ocrx_word' id='word_1_142' title='bbox 734 1945 819 2030; x_wconf 77' lang='grc' dir='ltr'><strong><em>ἀνὴρ</em></strong></span> <span class='ocrx_word' id='word_1_143' title='bbox 844 1944 1105 2031; x_wconf 83' lang='grc' dir='ltr'><strong><em>διαπραξάμενος</em></strong></span> 
     </span>
     <span class='ocr_line' id='line_1_18' title="bbox 88 2048 1140 2138; baseline -0.001 -23"><span class='ocrx_word' id='word_1_144' title='bbox 88 2050 247 2138; x_wconf 78' lang='grc' dir='ltr'><strong><em>θριάμβῳ</em></strong></span> <span class='ocrx_word' id='word_1_145' title='bbox 270 2074 304 2116; x_wconf 89' lang='grc' dir='ltr'><strong><em>τε</em></strong></span> <span class='ocrx_word' id='word_1_146' title='bbox 327 2048 382 2116; x_wconf 78' lang='grc' dir='ltr'><strong><em>καὶ</em></strong></span> <span class='ocrx_word' id='word_1_147' title='bbox 404 2060 475 2127; x_wconf 89' lang='grc' dir='ltr'><strong><em>ταῖς</em></strong></span> <span class='ocrx_word' id='word_1_148' title='bbox 497 2051 613 2127; x_wconf 89' lang='grc' dir='ltr'><strong><em>ἀλλαις</em></strong></span> <span class='ocrx_word' id='word_1_149' title='bbox 634 2049 890 2135; x_wconf 71' lang='grc' dir='ltr'><strong><em>ἐπιλαμπρυνθῇ</em></strong></span> <span class='ocrx_word' id='word_1_150' title='bbox 913 2063 1029 2134; x_wconf 87' lang='grc' dir='ltr'><strong><em>τιμαῖς.</em></strong></span> <span class='ocrx_word' id='word_1_151' title='bbox 1065 2049 1140 2134; x_wconf 76' lang='grc' dir='ltr'><strong><em>τῇὅ</em></strong></span> 
     </span>
     <span class='ocr_line' id='line_1_19' title="bbox 90 2153 1106 2245; baseline -0.002 -23"><span class='ocrx_word' id='word_1_152' title='bbox 90 2153 127 2222; x_wconf 78' lang='grc' dir='ltr'><strong><em>δέ</em></strong></span> <span class='ocrx_word' id='word_1_153' title='bbox 150 2159 289 2222; x_wconf 91' lang='grc' dir='ltr'><strong><em>κατόπιν</em></strong></span> <span class='ocrx_word' id='word_1_154' title='bbox 312 2155 418 2245; x_wconf 77' lang='grc' dir='ltr'><strong><em>ἡμέρᾳ</em></strong></span> <span class='ocrx_word' id='word_1_155' title='bbox 439 2158 480 2222; x_wconf 80' lang='grc' dir='ltr'><strong><em>τά</em></strong></span> <span class='ocrx_word' id='word_1_156' title='bbox 503 2154 564 2242; x_wconf 73' lang='grc' dir='ltr'><strong><em>μὲν</em></strong></span> <span class='ocrx_word' id='word_1_157' title='bbox 582 2156 797 2241; x_wconf 87' lang='grc' dir='ltr'><strong><em>ἐπιτιμῶντος</em></strong></span> <span class='ocrx_word' id='word_1_158' title='bbox 814 2155 927 2232; x_wconf 87' lang='grc' dir='ltr'><strong><em>αὐτοῖς</em></strong></span> <span class='ocrx_word' id='word_1_159' title='bbox 944 2165 1004 2222; x_wconf 91' lang='grc' dir='ltr'><strong><em>τοῦ</em></strong></span> <span class='ocrx_word' id='word_1_160' title='bbox 1022 2155 1106 2220; x_wconf 84' lang='grc' dir='ltr'><strong><em>ὑπά-</em></strong></span> 
     </span>
     <span class='ocr_line' id='line_1_20' title="bbox 90 2258 1260 2354; baseline 0 -28"><span class='ocrx_word' id='word_1_161' title='bbox 90 2285 150 2328; x_wconf 93' lang='grc' dir='ltr'><strong><em>του</em></strong></span> <span class='ocrx_word' id='word_1_162' title='bbox 173 2272 231 2346; x_wconf 80' lang='grc' dir='ltr'><strong><em>τῆς</em></strong></span> <span class='ocrx_word' id='word_1_163' title='bbox 248 2261 372 2340; x_wconf 89' lang='grc' dir='ltr'><strong><em>ἀδόξου</em></strong></span> <span class='ocrx_word' id='word_1_164' title='bbox 390 2271 509 2347; x_wconf 78' lang='grc' dir='ltr'><strong><em>φυγῆς,</em></strong></span> <span class='ocrx_word' id='word_1_165' title='bbox 531 2264 571 2327; x_wconf 87' lang='grc' dir='ltr'><strong><em>τά</em></strong></span> <span class='ocrx_word' id='word_1_166' title='bbox 591 2258 628 2328; x_wconf 76' lang='grc' dir='ltr'><strong><em>δὲ</em></strong></span> <span class='ocrx_word' id='word_1_167' title='bbox 645 2266 916 2348; x_wconf 84' lang='grc' dir='ltr'><strong><em>παρακαλοῦντος</em></strong></span> <span class='ocrx_word' id='word_1_168' title='bbox 935 2266 1105 2346; x_wconf 78' lang='grc' dir='ltr'><strong><em>αἴσχιστον</em></strong></span> <span class='ocrx_word' id='word_1_169' title='bbox 1259 2337 1260 2354; x_wconf 19' lang='lat'>1</span> 
     </span>
     <span class='ocr_line' id='line_1_21' title="bbox 91 2364 1145 2455; baseline -0.001 -23"><span class='ocrx_word' id='word_1_170' title='bbox 91 2370 191 2452; x_wconf 81' lang='grc' dir='ltr'><strong><em>ἔργον</em></strong></span> <span class='ocrx_word' id='word_1_171' title='bbox 214 2366 446 2434; x_wconf 81' lang='grc' dir='ltr'><strong><em>ἀναλύσασθαι</em></strong></span> <span class='ocrx_word' id='word_1_172' title='bbox 469 2373 559 2455; x_wconf 75' lang='grc' dir='ltr'><strong><em>καλῷ</em></strong></span> <span class='ocrx_word' id='word_1_173' title='bbox 577 2367 694 2452; x_wconf 89' lang='grc' dir='ltr'><strong><em>ἀγῶνι,</em></strong></span> <span class='ocrx_word' id='word_1_174' title='bbox 716 2368 757 2432; x_wconf 87' lang='grc' dir='ltr'><strong><em>τά</em></strong></span> <span class='ocrx_word' id='word_1_175' title='bbox 777 2364 807 2432; x_wconf 91' lang='grc' dir='ltr'><strong><em>δ’</em></strong></span> <span class='ocrx_word' id='word_1_176' title='bbox 825 2365 1053 2451; x_wconf 89' lang='grc' dir='ltr'><strong><em>ἀπειλοῦντος,</em></strong></span> <span class='ocrx_word' id='word_1_177' title='bbox 1075 2368 1107 2432; x_wconf 87' lang='grc' dir='ltr'><strong><em>εί</em></strong></span> <span class='ocrx_word' id='word_1_178' title='bbox 1118 2383 1145 2424; x_wconf 76' lang='lat'><strong><em>20</em></strong></span> 
     </span>
     <span class='ocr_line' id='line_1_22' title="bbox 92 2474 1105 2560; baseline -0.002 -22"><span class='ocrx_word' id='word_1_179' title='bbox 92 2474 136 2558; x_wconf 80' lang='grc' dir='ltr'><strong><em>μὴ</em></strong></span> <span class='ocrx_word' id='word_1_180' title='bbox 165 2476 342 2558; x_wconf 75' lang='grc' dir='ltr'><strong><em>στήσονται</em></strong></span> <span class='ocrx_word' id='word_1_181' title='bbox 369 2475 456 2560; x_wconf 91' lang='grc' dir='ltr'><strong><em>παρά</em></strong></span> <span class='ocrx_word' id='word_1_182' title='bbox 478 2476 519 2540; x_wconf 87' lang='grc' dir='ltr'><strong><em>τά</em></strong></span> <span class='ocrx_word' id='word_1_183' title='bbox 542 2474 652 2559; x_wconf 82' lang='grc' dir='ltr'><strong><em>δεινά,</em></strong></span> <span class='ocrx_word' id='word_1_184' title='bbox 679 2477 864 2560; x_wconf 81' lang='grc' dir='ltr'><strong><em>χρήσεσθαι</em></strong></span> <span class='ocrx_word' id='word_1_185' title='bbox 886 2483 956 2548; x_wconf 90' lang='grc' dir='ltr'><strong><em>τοῖς</em></strong></span> <span class='ocrx_word' id='word_1_186' title='bbox 978 2475 1105 2557; x_wconf 88' lang='grc' dir='ltr'><strong><em>νόμοις,</em></strong></span> 
     </span>
     <span class='ocr_line' id='line_1_23' title="bbox 93 2575 1106 2667; baseline -0.001 -24"><span class='ocrx_word' id='word_1_187' title='bbox 93 2579 247 2667; x_wconf 76' lang='grc' dir='ltr'><strong><em>ἀπειθείᾳ</em></strong></span> <span class='ocrx_word' id='word_1_188' title='bbox 269 2603 304 2645; x_wconf 87' lang='grc' dir='ltr'><strong><em>τε</em></strong></span> <span class='ocrx_word' id='word_1_189' title='bbox 331 2581 510 2667; x_wconf 80' lang='grc' dir='ltr'><strong><em>διεχρῶντο</em></strong></span> <span class='ocrx_word' id='word_1_190' title='bbox 533 2582 589 2645; x_wconf 82' lang='grc' dir='ltr'><strong><em>καὶ</em></strong></span> <span class='ocrx_word' id='word_1_191' title='bbox 611 2583 756 2665; x_wconf 78' lang='grc' dir='ltr'><strong><em>καταβοῇ</em></strong></span> <span class='ocrx_word' id='word_1_192' title='bbox 779 2575 834 2644; x_wconf 83' lang='grc' dir='ltr'><strong><em>καί</em></strong></span> <span class='ocrx_word' id='word_1_193' title='bbox 857 2577 997 2662; x_wconf 88' lang='grc' dir='ltr'><strong><em>ἀπάγειν</em></strong></span> <span class='ocrx_word' id='word_1_194' title='bbox 1021 2587 1106 2663; x_wconf 83' lang='grc' dir='ltr'><strong><em>σφοῖς</em></strong></span> 
     </span>
     <span class='ocr_line' id='line_1_24' title="bbox 94 2682 1105 2770; baseline -0.001 -20"><span class='ocrx_word' id='word_1_195' title='bbox 94 2683 246 2750; x_wconf 83' lang='grc' dir='ltr'><strong><em>ἐκέλευον</em></strong></span> <span class='ocrx_word' id='word_1_196' title='bbox 274 2683 310 2750; x_wconf 89' lang='grc' dir='ltr'><strong><em>ἐκ</em></strong></span> <span class='ocrx_word' id='word_1_197' title='bbox 337 2693 395 2769; x_wconf 75' lang='grc' dir='ltr'><strong><em>τῆς</em></strong></span> <span class='ocrx_word' id='word_1_198' title='bbox 424 2689 581 2770; x_wconf 87' lang='grc' dir='ltr'><strong><em>πολεμίας</em></strong></span> <span class='ocrx_word' id='word_1_199' title='bbox 603 2687 648 2762; x_wconf 80' lang='grc' dir='ltr'><strong><em>ὡς</em></strong></span> <span class='ocrx_word' id='word_1_200' title='bbox 670 2684 831 2751; x_wconf 81' lang='grc' dir='ltr'><strong><em>ἀδύνατοι</em></strong></span> <span class='ocrx_word' id='word_1_201' title='bbox 854 2685 902 2748; x_wconf 83' lang='grc' dir='ltr'><strong><em>ἐτι</em></strong></span> <span class='ocrx_word' id='word_1_202' title='bbox 925 2685 1018 2760; x_wconf 82' lang='grc' dir='ltr'><strong><em>ὄντες</em></strong></span> <span class='ocrx_word' id='word_1_203' title='bbox 1039 2682 1105 2749; x_wconf 82' lang='grc' dir='ltr'><strong><em>ὑπὸ</em></strong></span> 
     </span>
     <span class='ocr_line' id='line_1_25' title="bbox 32 2751 1260 2887; baseline -0.003 -27"><span class='ocrx_word' id='word_1_204' title='bbox 32 2791 290 2877; x_wconf 76' lang='grc' dir='ltr'><strong><em>ιῖῖοτραυμάτων</em></strong></span> <span class='ocrx_word' id='word_1_205' title='bbox 308 2790 470 2876; x_wconf 82' lang='grc' dir='ltr'><strong><em>άντέχειν·</em></strong></span> <span class='ocrx_word' id='word_1_206' title='bbox 488 2794 711 2887; x_wconf 64' lang='grc' dir='ltr'><strong><em>κατεδήσαντο</em></strong></span> <span class='ocrx_word' id='word_1_207' title='bbox 731 2792 793 2876; x_wconf 87' lang='grc' dir='ltr'><strong><em>γάρ</em></strong></span> <span class='ocrx_word' id='word_1_208' title='bbox 813 2790 923 2856; x_wconf 85' lang='grc' dir='ltr'><strong><em>αὐτῶν</em></strong></span> <span class='ocrx_word' id='word_1_209' title='bbox 938 2791 973 2857; x_wconf 88' lang='grc' dir='ltr'><strong><em>οί</em></strong></span> <span class='ocrx_word' id='word_1_210' title='bbox 988 2788 1107 2856; x_wconf 75' lang='grc' dir='ltr'><strong><em>πολλοὶ</em></strong></span> <span class='ocrx_word' id='word_1_211' title='bbox 1154 2801 1171 2877; x_wconf 70' lang='grc' dir='ltr'><strong><em>’γ</em></strong></span> <span class='ocrx_word' id='word_1_212' title='bbox 1258 2751 1260 2828; x_wconf 49' lang='grc' dir='ltr'><strong><em>ἀ</em></strong></span> 
     </span>
     <span class='ocr_line' id='line_1_26' title="bbox 94 2885 1175 2986; baseline 0 -24"><span class='ocrx_word' id='word_1_213' title='bbox 94 2901 169 2974; x_wconf 83' lang='grc' dir='ltr'><strong><em>τοὺς</em></strong></span> <span class='ocrx_word' id='word_1_214' title='bbox 200 2897 306 2980; x_wconf 84' lang='grc' dir='ltr'><strong><em>ὑγιεῖς</em></strong></span> <span class='ocrx_word' id='word_1_215' title='bbox 336 2907 462 2984; x_wconf 82' lang='grc' dir='ltr'><strong><em>χρῶτας</em></strong></span> <span class='ocrx_word' id='word_1_216' title='bbox 490 2897 535 2975; x_wconf 82' lang='grc' dir='ltr'><strong><em>ὡς</em></strong></span> <span class='ocrx_word' id='word_1_217' title='bbox 562 2901 775 2986; x_wconf 86' lang='grc' dir='ltr'><strong><em>τραυματίαι·</em></strong></span> <span class='ocrx_word' id='word_1_218' title='bbox 813 2897 895 2962; x_wconf 75' lang='grc' dir='ltr'><strong><em>ὥστε</em></strong></span> <span class='ocrx_word' id='word_1_219' title='bbox 926 2895 1107 2974; x_wconf 79' lang='grc' dir='ltr'><strong><em>δ”Αππιος</em></strong></span> <span class='ocrx_word' id='word_1_220' title='bbox 1120 2885 1175 2972; x_wconf 59' lang='lat'><strong><em>25}</em></strong></span> 
     </span>
    </p>
   </div>
   <div class='ocr_carea' id='block_1_3' title="bbox 96 3087 1108 3376">
    <p class='ocr_par' dir='ltr' id='par_1_3' title="bbox 96 3087 1108 3376">
     <span class='ocr_line' id='line_1_27' title="bbox 165 3087 1106 3161; baseline -0.001 -18"><span class='ocrx_word' id='word_1_221' title='bbox 165 3095 180 3143; x_wconf 92' lang='lat'>1</span> <span class='ocrx_word' id='word_1_222' title='bbox 205 3091 357 3160; x_wconf 76' lang='grc' dir='ltr'><strong><em>διατρίψας</em></strong></span> <span class='ocrx_word' id='word_1_223' title='bbox 375 3088 455 3144; x_wconf 86' lang='lat' dir='ltr'><strong><em>ABc</em></strong></span> <span class='ocrx_word' id='word_1_224' title='bbox 528 3096 544 3144; x_wconf 85' lang='lat'><strong>3</strong></span> <span class='ocrx_word' id='word_1_225' title='bbox 568 3098 622 3145; x_wconf 85' lang='grc' dir='ltr'><strong><em>τῶν</em></strong></span> <span class='ocrx_word' id='word_1_226' title='bbox 642 3099 802 3161; x_wconf 83' lang='grc' dir='ltr'><strong><em>στρατηγῶν</em></strong></span> <span class='ocrx_word' id='word_1_227' title='bbox 820 3089 867 3143; x_wconf 77' lang='lat' dir='ltr'><strong><em>Ba</em></strong></span> <span class='ocrx_word' id='word_1_228' title='bbox 890 3091 895 3157; x_wconf 89' lang='grc' dir='ltr'>Ι</span> <span class='ocrx_word' id='word_1_229' title='bbox 917 3088 1048 3160; x_wconf 85' lang='grc' dir='ltr'><strong><em>ἀγονσ&lt;α</em></strong></span> <span class='ocrx_word' id='word_1_230' title='bbox 1066 3087 1106 3160; x_wconf 77' lang='grc' dir='ltr'><strong><em>ἡ)</em></strong></span> 
     </span>
     <span class='ocr_line' id='line_1_28' title="bbox 96 3155 1107 3230; baseline -0.004 -15"><span class='ocrx_word' id='word_1_231' title='bbox 96 3162 140 3216; x_wconf 91' lang='lat' dir='ltr'><strong><em>Bb</em></strong></span> <span class='ocrx_word' id='word_1_232' title='bbox 156 3166 161 3228; x_wconf 79' lang='grc' dir='ltr'>Ι</span> <span class='ocrx_word' id='word_1_233' title='bbox 177 3164 354 3215; x_wconf 82' lang='grc' dir='ltr'><strong><em>συνελθοῦσα</em></strong></span> <span class='ocrx_word' id='word_1_234' title='bbox 374 3159 397 3215; x_wconf 95' lang='grc' dir='ltr'>Ο</span> <span class='ocrx_word' id='word_1_235' title='bbox 416 3177 485 3215; x_wconf 72' lang='lat' dir='ltr'>corr,</span> <span class='ocrx_word' id='word_1_236' title='bbox 504 3159 608 3214; x_wconf 72' lang='lat' dir='ltr'>Reiske</span> <span class='ocrx_word' id='word_1_237' title='bbox 667 3160 838 3230; x_wconf 84' lang='grc' dir='ltr'><strong><em>4δυνάμεις</em></strong></span> <span class='ocrx_word' id='word_1_238' title='bbox 856 3160 903 3213; x_wconf 73' lang='lat' dir='ltr'><strong><em>Ba</em></strong></span> <span class='ocrx_word' id='word_1_239' title='bbox 957 3163 991 3211; x_wconf 92' lang='lat'><strong><em>10</em></strong></span> <span class='ocrx_word' id='word_1_240' title='bbox 1010 3155 1107 3227; x_wconf 77' lang='grc' dir='ltr'><strong><em>οἱμὲν</em></strong></span> 
     </span>
     <span class='ocr_line' id='line_1_29' title="bbox 97 3228 1108 3301; baseline -0.007 -14"><span class='ocrx_word' id='word_1_241' title='bbox 97 3249 147 3287; x_wconf 79' lang='lat' dir='ltr'><strong><em>om,</em></strong></span> <span class='ocrx_word' id='word_1_242' title='bbox 162 3233 184 3285; x_wconf 89' lang='grc' dir='ltr'><strong>Β</strong></span> <span class='ocrx_word' id='word_1_243' title='bbox 206 3234 210 3299; x_wconf 94' lang='grc' dir='ltr'>Ι</span> <span class='ocrx_word' id='word_1_244' title='bbox 232 3228 367 3301; x_wconf 79' lang='grc' dir='ltr'><strong><em>όίψαντες</em></strong></span> <span class='ocrx_word' id='word_1_245' title='bbox 385 3231 417 3287; x_wconf 74' lang='grc' dir='ltr'><strong><em>δὲ</em></strong></span> <span class='ocrx_word' id='word_1_246' title='bbox 437 3229 466 3286; x_wconf 89' lang='grc' dir='ltr'><strong><em>οί</em></strong></span> <span class='ocrx_word' id='word_1_247' title='bbox 482 3231 534 3300; x_wconf 79' lang='grc' dir='ltr'><strong><em>τὴν</em></strong></span> <span class='ocrx_word' id='word_1_248' title='bbox 551 3229 631 3298; x_wconf 88' lang='grc' dir='ltr'><strong><em>τάξιν</em></strong></span> <span class='ocrx_word' id='word_1_249' title='bbox 651 3249 705 3286; x_wconf 89' lang='lat' dir='ltr'><strong><em>om.</em></strong></span> <span class='ocrx_word' id='word_1_250' title='bbox 718 3232 777 3298; x_wconf 86' lang='grc' dir='ltr'><strong><em>ΒΟ,</em></strong></span> <span class='ocrx_word' id='word_1_251' title='bbox 797 3231 827 3284; x_wconf 88' lang='lat' dir='ltr'><strong><em>in</em></strong></span> <span class='ocrx_word' id='word_1_252' title='bbox 845 3229 868 3283; x_wconf 92' lang='grc' dir='ltr'><strong>Β</strong></span> <span class='ocrx_word' id='word_1_253' title='bbox 887 3244 985 3282; x_wconf 72' lang='lat' dir='ltr'><strong>rasura</strong></span> <span class='ocrx_word' id='word_1_254' title='bbox 999 3231 1108 3297; x_wconf 73' lang='lat' dir='ltr'>septem</span> 
     </span>
     <span class='ocr_line' id='line_1_30' title="bbox 97 3297 1107 3376; baseline -0.004 -19"><span class='ocrx_word' id='word_1_255' title='bbox 97 3304 151 3358; x_wconf 81' lang='lat' dir='ltr'><strong>fere</strong></span> <span class='ocrx_word' id='word_1_256' title='bbox 169 3301 331 3357; x_wconf 76' lang='lat' dir='ltr'><strong>litterarum</strong></span> <span class='ocrx_word' id='word_1_257' title='bbox 386 3310 419 3358; x_wconf 91' lang='lat'><strong><em>11</em></strong></span> <span class='ocrx_word' id='word_1_258' title='bbox 440 3298 715 3376; x_wconf 82' lang='grc' dir='ltr'><strong><em>ἐγκα&lt;ταλιπόν&gt;τες</em></strong></span> <span class='ocrx_word' id='word_1_259' title='bbox 728 3301 775 3356; x_wconf 90' lang='lat' dir='ltr'><strong><em>Bb</em></strong></span> <span class='ocrx_word' id='word_1_260' title='bbox 794 3304 800 3370; x_wconf 87' lang='grc' dir='ltr'>Ι</span> <span class='ocrx_word' id='word_1_261' title='bbox 821 3297 942 3369; x_wconf 80' lang='grc' dir='ltr'><strong><em>ἔφευγον</em></strong></span> <span class='ocrx_word' id='word_1_262' title='bbox 961 3314 1015 3352; x_wconf 90' lang='lat' dir='ltr'><strong><em>om.</em></strong></span> <span class='ocrx_word' id='word_1_263' title='bbox 1030 3299 1107 3353; x_wconf 77' lang='lat' dir='ltr'><strong><em>Assa</em></strong></span> 
     </span>
    </p>
   </div>
   <div class='ocr_carea' id='block_1_4' title="bbox 98 3372 1108 3508">
    <p class='ocr_par' dir='ltr' id='par_1_4' title="bbox 98 3372 1108 3508">
     <span class='ocr_line' id='line_1_31' title="bbox 99 3372 1108 3500; baseline -0.005 -72"><span class='ocrx_word' id='word_1_264' title='bbox 99 3381 131 3500; x_wconf 50' lang='lat'><strong><em>1}</em></strong></span> <span class='ocrx_word' id='word_1_265' title='bbox 151 3373 344 3500; x_wconf 54' lang='grc' dir='ltr'><strong><em>ἀιᾸεὸράποντο</em></strong></span> <span class='ocrx_word' id='word_1_266' title='bbox 362 3373 413 3428; x_wconf 84' lang='lat' dir='ltr'><strong><em>Ac</em></strong></span> <span class='ocrx_word' id='word_1_267' title='bbox 504 3380 537 3428; x_wconf 78' lang='lat'><strong><em>21</em></strong></span> <span class='ocrx_word' id='word_1_268' title='bbox 562 3372 722 3444; x_wconf 79' lang='grc' dir='ltr'><strong><em>χρήσασθαι</em></strong></span> <span class='ocrx_word' id='word_1_269' title='bbox 741 3372 846 3440; x_wconf 78' lang='lat' dir='ltr'><strong>ACmg</strong></span> <span class='ocrx_word' id='word_1_270' title='bbox 931 3375 964 3424; x_wconf 76' lang='lat'><strong><em>25</em></strong></span> <span class='ocrx_word' id='word_1_271' title='bbox 983 3389 1108 3440; x_wconf 88' lang='grc' dir='ltr'><strong><em>τραυμα-</em></strong></span> 
     </span>
     <span class='ocr_line' id='line_1_32' title="bbox 98 3465 155 3508; baseline 0 -8"><span class='ocrx_word' id='word_1_272' title='bbox 98 3467 112 3500; x_wconf 94' lang='grc' dir='ltr'><strong><em>τ</em></strong></span> <span class='ocrx_word' id='word_1_273' title='bbox 124 3465 155 3508; x_wconf 82' lang='grc' dir='ltr'><strong><em>ας</em></strong></span> 
     </span>
    </p>
   </div>
   <div class='ocr_carea' id='block_1_5' title="bbox 0 0 1291 3884">
    <p class='ocr_par' dir='ltr' id='par_1_5' title="bbox 0 0 1291 3884">
     <span class='ocr_line' id='line_1_33' title="bbox 0 0 1291 3884; baseline 0 0"><span class='ocrx_word' id='word_1_274' title='bbox 0 0 1291 3884; x_wconf 95' lang='lat' dir='ltr'><strong><em> </em></strong></span> 
     </span>
    </p>
   </div>
  </div>
 </body>
</html>
