2538 3884
529 215 696 268 -Θ-
1044 213 1116 288 ,301

101 376 187 459 ὅσην
211 377 328 460 ἠξίουν
351 381 547 462 σημμαχίαν.
580 373 679 442 ταῦθ’
701 377 847 461 ήβουλή
866 382 1023 461 μαθοῦσα
1041 376 1118 461 ἐμή
1134 379 1154 440 3

101 486 226 564 φίσατο
248 484 385 570 τρισσὰς
406 481 586 567 ἐκπέμψειν
609 483 774 568 στρατιάς,
796 481 852 548 καὶ
875 481 1065 568 γενομένων
1083 483 1120 549 ἐν

101 589 194 674 τάχει
221 600 289 655 τῶν
311 593 505 673 καταλόγων
528 591 670 666 Αεύκιος
693 588 754 674 μέν
776 592 933 674 Αἰμίλιος
955 588 1009 655 ἐπὶ
1037 593 1120 677 Τυρ-

102 699 229 779 ρηνοὺς
246 695 413 781 ἐπέμφθη·
434 698 600 781 συνήρατο
620 694 650 760 δ’
669 697 757 784 αύτῷ
777 705 834 780 τῆς
848 695 967 774 ἐξόδου
983 699 1120 761 Καίσων

104 799 244 884 Φάβιος,
268 801 287 867 ό
308 800 428 868 νεωστὶ
451 804 512 886 τήν
535 801 641 888 ἀρχήν
663 801 882 886 ἀποθέμενος,
905 801 1039 887 δεηθεὶς
1061 793 1119 886 τῆς
1145 824 1158 861 ⁵

103 911 228 991 βουλής
255 906 427 993 ἐπιτρέψαι
454 907 543 996 αύτῷ
571 920 642 986 τοϊς
669 908 706 974 ἐν
729 908 883 996 Κρεμέρᾳ
911 907 1119 992 συγγενέσιν,

62 999 64 1004 ’
104 1012 160 1090 οὓς
178 1012 198 1078 ὁ
219 1012 363 1097 ἀδελφὸς
380 1013 486 1079 αὐτοῦ
505 1017 761 1100 φρουρήσοντας
778 1015 815 1078 τὸ
831 1017 955 1100 χωρίον
969 1014 1119 1099 ἐξήγαγε,

105 1123 260 1184 συνεῖναί
279 1142 313 1184 τε
336 1118 482 1186 καὶτῶν
505 1120 616 1186 αὐτῶν
640 1120 779 1202 ἀγώνων
802 1113 963 1206 μετέχειν·
991 1119 1046 1186 καὶ
1069 1121 1118 1200 ἐξ·

104 1231 186 1308 ἦλθε
208 1228 273 1290 σὺν
286 1236 356 1302 τοῖς
370 1224 451 1311 ἀμφ’
468 1226 571 1292 αὐτὸν
585 1226 719 1313 ἐξουσίᾳ
732 1225 914 1311 κοσμηθεὶς
927 1226 1119 1316 ἀνθυπάτω.

46 1332 205 1408 ιτεῠΓύιος
234 1328 272 1396 δέ
294 1336 493 1418 Σερουίλιος
519 1333 541 1398 ὁ
565 1332 677 1418 ἕτερος
703 1343 770 1398 τῶν
796 1333 932 1398 ὑπάτων
955 1332 1009 1398 ἐπὶ
1033 1315 1161 1427 Ούο-ξ*0

104 1439 268 1514 λούσκους
291 1437 499 1523 ἐστράτευσε·
524 1440 685 1524 Σερούιος
705 1433 743 1503 δέ
763 1440 909 1523 Φούριος
927 1438 1120 1516 ἀνθύπατος

105 1542 155 1610 ἐπὶ
187 1546 227 1609 τὸ
258 1546 417 1610 Αἰκανῶν
450 1547 560 1622 ἔθνος.
613 1543 738 1633 ἑκάστῳ
768 1538 798 1608 δ’
826 1543 937 1610 αὐτῶν
967 1546 1029 1610 δύο
1058 1542 1120 1629 μὲν

103 1651 251 1735 τάγματα
274 1647 443 1734 Ῥωμαίων
474 1652 600 1734 εἵπετο,
632 1654 788 1716 Λατίνων
816 1646 853 1715 δέ
880 1649 935 1716 καὶ
957 1648 1120 1736 Ἑρνίκων

105 1755 157 1822 καί
184 1767 253 1822 τῶν
281 1758 392 1823 ἀλλων
421 1758 602 1843 συμμάχων
630 1757 692 1822 οὐκ
720 1756 843 1822 ἐλάττω
865 1766 923 1840 τής
940 1754 1120 1841 Ῥωμαικής

106 1863 288 1946 δυνάμεως.
325 1873 370 1951 τῷ
394 1859 456 1947 μέν
479 1858 542 1928 οὖν
561 1861 744 1950 ἀνθυπάτῳ
763 1867 917 1951 Σερουίῳ
935 1865 1017 1928 κατὰ
1036 1873 1120 1930 νοῦν
1135 1883 1160 1924 ιι

106 1969 122 2034 δ
144 1971 291 2053 πόλεμος
313 1967 458 2054 ἐχώρησε
481 1967 536 2034 καί
561 1971 624 2034 σὺν
647 1969 747 2054 τάχει.
793 1978 857 2056 μιᾷι
875 1970 938 2055 γὰρ
962 1968 1119 2054 ἐτρέψατο

105 2078 182 2151 τοὺς
200 2077 373 2152 Αἰκανούς
393 2074 480 2160 μάχη
503 2072 682 2160 καὶ-,ταύτῃ
706 2076 783 2160 δίχα
805 2078 923 2157 πόνον,
946 2083 984 2158 τῇ
1008 2077 1119 2158 πρώτη
1137 2113 1207 2147 με.

106 2184 181 2257 τούς
203 2183 384 2265 πολεμίους
407 2179 567 2264 ἐκπλήξας
589 2181 716 2268 ἐφόδφ,
738 2178 793 2245 καί
815 2182 852 2244 τὸ
875 2181 993 2244 λοιπὸν
1017 2177 1119 2264 ἐδήου
1157 2166 1220 2198 '‘³‘'

106 2288 164 2370 τήν
186 2295 252 2370 γῆν
275 2285 385 2350 αὐτῶν
408 2289 704 2370 καταπεφευγότων
727 2286 774 2361 είς
796 2285 836 2348 τὰ
859 2283 1013 2368 ἐρύματα.
1056 2289 1155 2354 >cs-5

107 2395 243 2480 ρονιλίιμ
271 2388 308 2456 δέ
335 2391 467 2480 θατέρφ
495 2403 562 2457 τῶν
590 2393 726 2458 ὑπάτων
750 2391 815 2456 ὑπὸ
838 2391 985 2473 σπουδῆς
1007 2413 1042 2454 τε
1065 2388 1120 2456 καὶ
1135 2415 1161 2454 ιο

108 2497 289 2574 αὐθαδείας
317 2496 369 2562 ἐπὶ
398 2500 458 2564 τὸν
488 2497 603 2581 ἀγῶνα
632 2500 820 2584 χωρήσαντι
849 2499 935 2562 πολὺ
965 2498 1002 2562 τὸ
1031 2498 1120 2580 παρὰ

109 2606 246 2697 γνώμην
275 2603 457 2688 ἀπήντησε,
490 2616 656 2690 καρτερῶς
683 2604 771 2668 πάνυ
799 2614 866 2669 τῶν
896 2602 1120 2668 Οὐολούσκων

111 2708 383 2794 ἀντιταξαμένων,
407 2706 484 2775 ὥστ’
506 2711 702 2794 ήναγκάσθη
725 2713 871 2786 πολλοὺς
891 2707 947 2774 καὶ
971 2708 1121 2792 ἀγαθοὺς

110 2817 232 2900 ἀνδρας
256 2815 419 2892 ἀπολέσας
440 2814 556 2899 μηκέτι
579 2827 700 2900 χωρεῖν
723 2816 824 2899 ὁμόσε
847 2827 917 2892 τοῖς
938 2819 1121 2900 πολεμίοις,
1250 2897 1251 2902 ¹

109 2919 176 2986 ἀλλ’
201 2921 238 2986 ἐν
261 2930 307 3009 τῷ
331 2922 449 3008 χάρακι
470 2920 648 3005 ὑπομένων
667 2922 922 3007 ἀκροβολισμοῖς
940 2920 995 2988 καὶ
1013 2928 1121 3001 ύιλῶν
1135 2944 1160 2983 ιτ
1250 2991 1251 2998 χ

176 3190 192 3238 θ
213 3179 359 3254 ἐκπέμψαι
377 3201 400 3238 ο.
420 3185 509 3238 Cobet
529 3183 594 3239 Obs.
614 3202 640 3252 p.
658 3190 708 3238 176
766 3188 781 3235 9
801 3183 971 3238 ἀνθυπάτου
990 3199 1012 3235 ο.
1027 3181 1121 3234 Κίεεε-

110 3253 173 3324 ling,
192 3255 243 3309 sed
263 3255 298 3308 cf.
320 3255 359 3308 XI
378 3261 411 3309 62
487 3262 517 3308 11
538 3275 560 3323 φ
579 3255 714 3324 ούριοςΟ
789 3259 822 3308 14
841 3250 961 3308 ἐλάττων
981 3285 1011 3294 —
1033 3252 1121 3306 δύνα-
1250 3297 1251 3306 ,

111 3343 151 3392 μις
168 3342 191 3379 ο.
207 3325 352 3396 Kioush'ng
406 3332 438 3379 21
458 3326 530 3380 πολὺ
548 3275 617 3379 τάΟ
637 3326 669 3379 τὸ
688 3326 738 3378 aut
757 3323 908 3378 delendum
926 3326 976 3377 aut
994 3322 1024 3376 in
1038 3330 1120 3380 τούτο
1250 3321 1251 3330 ’

110 3396 353 3452 transmutandum
382 3412 442 3450 esse
471 3414 493 3452 ο.
520 3395 647 3450 Hertlein
675 3395 791 3449 Hermes
811 3396 835 3449 X
854 3401 906 3449 418
935 3395 1006 3448 πολύ
1030 3415 1073 3449 τοι
1097 3410 1120 3448 ο.

111 3463 229 3521 Schenkl
247 3467 380 3522 Bursiani
398 3467 465 3522 Litt.
485 3465 556 3522 Ann.
575 3466 694 3522 breviar.
713 3483 739 3534 p.
755 3471 789 3519 52
