2538 3884
559 204 725 256 -ο-
1082 203 1148 268 385
1264 185 1267 284 ζ

133 386 183 441 τις
202 362 266 429 ἀπὸ
285 373 343 449 τῆς
358 367 516 430 Αἰκανῶν
535 373 689 450 στρατιᾶς
706 369 921 452 παρελθοῦσα
939 362 1017 430 καθ’
1035 362 1148 453 ἑτέρας
1266 369 1268 390 ²

134 471 236 548 ὁδοὺς
258 469 493 555 [ἀφυλάκτους]
519 469 675 556 ἐνέβαλεν
698 473 746 548 εἰς
768 472 828 556 τὴν
842 468 1011 555 Ῥωμαίων
1028 481 1104 558 γῆν,
1126 473 1147 557 ἣ

132 582 290 642 πλεῖστον
318 577 508 663 ἀφειστήκει
535 588 593 664 τῆς
621 578 747 662 ὁμόρου
774 575 829 642 καί
857 577 912 642 διὰ
941 573 1031 642 τοῦτ’
1063 578 1148 665 ἀφύ-

132 687 252 760 λακτος
281 678 337 766 ἦν·
368 681 401 761 ἐξ
432 678 472 767 ης
498 682 698 769 ἀνθρώπους
724 707 759 748 τε
785 685 930 759 πολλοὺς
958 686 1148 771 συνήρπασε

131 786 189 854 καί
211 790 376 874 χρήματα,
401 790 554 856 λαθοῦσά
576 813 611 855 τε
634 792 712 867 τοὺς
735 793 799 855 σὺν
822 798 866 876 τῷ
889 793 1036 880 Κοιντίῳ
1058 813 1148 879 περι·
1175 815 1189 856 ε

130 896 258 972 πόλους
275 905 333 980 της
352 893 511 981 σφετέρας
528 904 589 980 γῆς
607 895 759 980 ἀπῆλθεν
779 895 831 962 έπί
845 897 886 962 τὰ
900 898 1012 962 οἰκεία.
1048 906 1147 964 τοῦτο

131 1012 280 1087 συνεχῶς
309 1000 436 1086 ἐγένετο
465 1000 520 1068 καί
549 1004 677 1087 πολλὴν
706 1013 862 1090 παρεῖχεν
889 1004 1052 1089 αἰσχύνην
1078 1015 1149 1081 τοῖς

129 1106 278 1184 ὑπάτοις.
315 1110 425 1174 έπειτα
448 1110 568 1193 μαθὼν
591 1110 647 1174 διὰ
669 1112 886 1175 κατασκόπων
904 1132 939 1174 τε
957 1107 1012 1175 καὶ
1030 1111 1181 1196 αἰχμα-5

108 1215 249 1293 Ιλάτων
279 1214 297 1280 ὁ
330 1215 456 1299 Φάβιος
485 1213 726 1298 ἐξεληλυθυῖαν
756 1213 792 1280 ἐκ
821 1223 881 1281 τοῦ
910 1215 1053 1302 χάρακος
1079 1229 1147 1283 τῶν

129 1322 291 1385 Αἰκανῶν
323 1322 384 1405 τὴν
416 1325 593 1407 κρατίστην
626 1323 787 1406 δύναμιν,
819 1320 856 1387 έν
885 1330 924 1407 τῇ
954 1325 1145 1408 παρεμβολῇ
1161 1349 1187 1389 ιο

128 1427 322 1492 καταλιπὼν
354 1430 432 1505 τοὺς
462 1427 709 1513 πρεσβυτάτους
740 1428 839 1505 αὐτὸς
868 1427 987 1512 ἐξῆλθε
1016 1430 1146 1514 νύκτωρ

130 1531 260 1599 ἱππέων
284 1532 485 1618 ἐπαγόμενος
506 1532 562 1599 καί
583 1542 644 1599 τοῦ
666 1537 766 1614 πεζοῦ
788 1535 826 1599 τὸ
849 1532 1078 1618 ἀκμαιότατον.
1115 1534 1151 1600 οἰ

128 1636 194 1726 μέν
218 1634 280 1706 οὖν
300 1637 442 1705 Αἰκανοὶ
466 1641 681 1725 διηρπακότες
702 1641 743 1704 τδι
765 1643 880 1725 χωρία,
904 1631 954 1717 οἷς
977 1638 1147 1724 ἐνέβαλον,

59 1742 282 1832 ιοιεάπῄεσαν
305 1745 503 1831 ἐπαγόμενοι
525 1746 649 1823 πολλὰς
672 1746 842 1830 ὠφελείας,
865 1742 942 1812 δδδ
961 1746 1089 1832 Φάβιος
1106 1747 1146 1812 οὐ

127 1855 219 1919 πολὺ
241 1858 467 1937 προελθοῦσιν
491 1851 603 1929 αὐτοῖς
624 1852 829 1938 ἐπιφαίνεται
848 1850 903 1917 καὶ
921 1853 982 1935 τήν
999 1876 1035 1918 τε
1053 1855 1147 1918 λείαν
1162 1878 1187 1918 ιε

129 1959 322 2045 ἀφαιρεῖται
349 1957 404 2024 καί
432 1959 518 2045 μάχη
545 1962 624 2036 τοὺς
645 1959 888 2044 ὑπομείναντας
910 1968 988 2046 νικᾷ
1010 1958 1145 2043 γενομέ-

128 2087 214 2140 νους
237 2064 362 2149 ἀνδρας
385 2063 546 2146 ἀγαθούς·
571 2066 606 2130 οἰ
626 2061 663 2130 δὲ
682 2062 793 2130 λοιποὶ
812 2065 977 2149 σποράδες
995 2063 1146 2152 ἐμπειρίᾳ

127 2170 223 2236 ὁδῶν
246 2172 407 2246 λαθόντες
429 2172 507 2244 τοὺς
530 2171 711 2258 διώκοντας
732 2168 920 2254 κατέφυγον
943 2170 991 2246 εἰς
1012 2171 1071 2235 τὸν
1088 2170 1146 2255 χά-

129 2299 226 2362 ρακα.
278 2271 347 2339 ἐπεὶ
378 2270 414 2339 δὲ
444 2275 545 2360 ταύτῃ
575 2272 850 2362 ἀνεκρούσθησαν
877 2275 913 2342 οἰ
936 2273 1079 2341 Αἰκανοὶ
1106 2284 1181 2361 τῇ6

130 2389 291 2467 συμφορᾷ
319 2381 407 2466 παρὰ
438 2378 539 2458 δόξαν
569 2384 663 2466 σφίσι
692 2385 870 2466 γενομένη,
899 2382 1058 2459 λύσαντες
1084 2381 1145 2465 τὴν
1159 2407 1187 2447 εο

129 2487 346 2573 παρεμβολὴν
372 2486 438 2553 ὑπὸ
465 2488 569 2552 νύκτα
596 2486 723 2574 ᾤχοντο
750 2485 805 2553 καί
832 2485 941 2552 οὐκέτι
966 2490 1004 2553 τὸ
1027 2489 1145 2554 λοιπὸν

130 2591 270 2684 έξχβεσαν
298 2591 334 2658 έκ
359 2603 416 2679 τῆς
442 2597 581 2670 πόλεως·
614 2590 686 2658 ἀλλ’
712 2594 882 2679 ἠνείχοντο
911 2596 1004 2658 σίτόν
1031 2616 1082 2677 τε,
1110 2592 1146 2670 ὃς

130 2699 168 2764 έν
199 2699 284 2784 ἀκμῇ
312 2702 385 2765 τότε
412 2694 471 2783 ἦν,
499 2702 779 2785 συγκομιζόμενον
800 2699 865 2764 ὑπὸ
889 2708 956 2764 τῶν
977 2702 1145 2784 πολεμίων

132 2803 189 2870 καὶ
213 2803 331 2889 ἀγέλας
353 2806 571 2890 βοσκημάτων
594 2801 861 2889 ἀπελαυνομένας
883 2805 1040 2891 δρῶντες,
1065 2809 1145 2892 χρή-

132 2911 220 2995 ματά
247 2933 282 2976 τε
310 2912 552 2996 διαρπαζόμενα
579 2909 634 2976 καὶ
661 2911 764 2987 αύλδις
785 2907 866 2995 πυρὶ
890 2909 1067 2996 διδομένας
1089 2909 1144 2977 καί
1158 2935 1185 2976 ει

130 3018 362 3101 αἰχμαλώτους
378 3019 523 3093 πολλοὺς
540 3015 732 3101 ἀγομένους.
763 3025 862 3082 τοῦτο
882 3015 1145 3103 διαπραξάμενος

206 3178 220 3244 1
244 3191 286 3234 τις
305 3214 311 3226 .
328 3215 334 3226 .
353 3171 410 3226 ἀπὸ
431 3171 453 3223 Β
543 3179 559 3226 2
583 3172 769 3241 *ἀφύλακτος
791 3171 875 3234 δδοθς
897 3170 943 3225 Ba
966 3171 1145 3240 ἀφυλάκτους

131 3241 217 3304 ὁδούς
234 3242 282 3295 Bb
306 3241 390 3303 ὁδούς
407 3242 586 3310 ἀφυλάκτους
604 3242 629 3295 R
651 3241 829 3311 ἀφυλάκτους
847 3258 957 3310 vocem,
979 3259 1052 3310 quae
1069 3243 1144 3299 male

131 3313 254 3381 repetita
272 3315 347 3368 esset
365 3329 380 3367 e
399 3330 481 3367 versu
499 3319 529 3381 4,
553 3312 645 3367 delevi
717 3321 749 3368 10
773 3313 922 3382 κρατίστην
942 3330 996 3369 om.
1015 3315 1038 3367 Β
1110 3319 1141 3368 11

15 3423 16 3428 1
132 3383 219 3436 verba
240 3383 307 3438 inde
331 3383 368 3438 ab
391 3383 474 3446 αύτὸς
496 3399 585 3452 usque
608 3385 644 3437 ad
668 3385 716 3438 καλ
739 3401 793 3438 om.
813 3382 859 3437 Ba
876 3383 947 3438 add.
967 3382 1014 3438 Bb
1110 3391 1144 3440 15

16 3479 18 3526 ρ
132 3448 356 3528 (ἐπιφαίνεται)
376 3455 422 3508 Bb
442 3449 606 3524 ἐπιφέρεται
625 3453 725 3510 Garrer
744 3454 808 3510 obs.
827 3473 855 3524 p.
870 3460 905 3510 60

17 3551 19 3606 j
62 3583 68 3587 .
186 3553 285 3596 mom.
300 3555 366 3594 ΗΠ..
381 3553 425 3594 m
448 3563 489 3594 τυ.
502 3554 605 3597 δεοοεν.
950 3547 984 3598 25

17 3607 20 3676 λ
