2538 3884
175 226 345 290 296·
598 229 764 281 -ss-

176 389 333 471 στρατιάν
369 388 536 473 κατέλαβε.
588 393 775 474 πιεζόμενοι
807 391 870 472 γάρ
902 398 941 474 τῇ
966 389 1089 472 ,σπάνει
1117 397 1181 452 τῶν

176 494 366 578 ἀναγκαίων
393 495 429 560 οί
453 493 644 581 κατέχοντες
671 498 730 561 τὸν
758 499 865 580 λόφον
893 494 1037 579 ἐξῆλθον
1064 495 1106 571 ὡς
1127 496 1181 559 τὸν

175 599 437 684 εὐπρεπέστατον
460 603 674 686 αἱρησόμενοι
696 611 764 666 τῶν
787 599 1040 684 θανάτων,,ιιαλ
1063 603 1182 683 συμβα-

175 709 290 782 λόντες
314 718 384 783 τοῖς
405 711 575 789 πολεμίοις
598 708 759 793 ἐμάχοντο
782 710 977 792 κεκμηκότες
1000 707 1036 771 οί
1055 710 1183 794 πλείους

148 813 215 876 ιτά
246 813 380 896 σώματα
409 819 493 901 λιμῷ
524 837 558 878 τε
589 812 644 878 καὶ
674 815 756 900 δίψη
785 812 842 878 καὶ
870 812 1038 898 ἀγρυπνίᾳ
1067 811 1179 896 καλιῇ

139 919 259 1002 6ἀλλη
288 919 437 982 κακώσει.
484 915 552 1002 μετ’
582 919 623 984 οὐ
652 923 738 985 πολὺ
768 915 799 983 δ’
830 919 874 995 ὡς
902 921 940 984 τὸ
967 928 1028 984 τοῦ
1058 921 1241 1002 Φαβίουιιιι

174 1024 360 1107 στράτευμα
381 1025 522 1106 προσιὸν
546 1025 645 1109 ῶφθη
668 1027 755 1090 πολύ
778 1047 812 1089 τε
835 1022 891 1089 καὶ
914 1023 1182 1108 συντεταγμένον,

173 1129 301 1212 θάρσος
328 1125 389 1212 μὲν
417 1131 513 1213 ἔφερε
536 1141 605 1206 τοῖς
628 1127 815 1215 σφετέροις,
843 1127 918 1205 δεός
942 1125 980 1194 δὲ
1001 1141 1072 1208 τοῖς
1094 1136 1184 1196 πολε-

174 1237 276 1317 μίοις·
308 1232 364 1299 καὶ
391 1235 427 1300 οί
456 1233 624 1319 Ίυρρηνολ
651 1233 761 1301 οὐκέτι
788 1233 961 1320 ἀξιόμαχοι
984 1230 1073 1300 εἶναι
1096 1240 1192 1318 νομί·

135 1363 160 1402 10
175 1358 291 1417 σαντες
313 1342 396 1424 πρὸς
418 1338 551 1424 ἀγαθην
574 1364 608 1406 τε
627 1339 682 1405 καὶ
701 1340 828 1424 ἀκμῆτα
847 1342 992 1425 δύναμιν
1011 1344 1058 1418 είς
1078 1341 1184 1425 ἀγῶνα

173 1459 309 1531 χωρεῖν,
338 1445 464 1536 ᾤχοντο
492 1445 681 1524 ἐκλιπόντες
707 1451 785 1523 τοὺς
811 1448 963 1532 χάρακας.
1010 1448 1054 1524 ῶς
1084 1445 1115 1512 δ’
1143 1451 1185 1524 είς

175 1553 274 1618 ταύτὸ
299 1558 472 1637 συνῆλθον
490 1553 528 1616 αί
543 1563 610 1617 τῶν
624 1550 792 1638 Ῥωμαίων
811 1553 970 1637 δυνάμεις
993 1553 1185 1640 ἀμφότεραι,

176 1661 400 1743 στρατόπεδόν
429 1681 463 1724 τε
493 1669 668 1724 ποιοῦνται
697 1656 781 1743 μέγα
807 1664 950 1742 πλησίον
978 1654 1036 1743 τῆς
1062 1664 1186 1736 πόλεως

174 1763 210 1827 ἐν
234 1763 354 1851 ε’χυρςό,
376 1763 433 1829 καὶ
454 1766 579 1840 πολλὰς
600 1763 723 1849 ἡμέρας
744 1766 863 1830 αὐτόθι
884 1767 1117 1851 διατρίψαντες
1133 1765 1185 1832 καὶ

134 1893 160 1932 15
173 1871 234 1952 τὴν
266 1868 405 1953 ἀρίστην
441 1880 508 1934 τῶν
542 1869 754 1936 Οὐιεντανῶν
786 1873 898 1956 χώραν
930 1876 1187 1957 λεηλατήσαντες

141 1974 305 2060 Ἰάπηγον
337 1972 386 2040 ἐπ’
414 1981 509 2041 οἴκου
540 1978 602 2059 τὴν
635 1977 799 2060 στρατιάν.
846 1978 890 2054 ὡς
917 1975 948 2042 δ’
977 1980 1128 2061 ἔγνωσαν
1156 1979 1189 2043 ολ

176 2081 373 2148 Οὐιεντανοὶ
395 2082 452 2158 τάς
475 2082 632 2165 δυνάμεις
654 2092 721 2147 τῶν
735 2081 904 2168 Ῥωμαίων
927 2083 1107 2168 ἀφειμένας
1124 2080 1186 2151 ἀπὸ

172 2200 240 2253 τῶν
269 2199 435 2273 σημαιῶν,
462 2188 523 2270 τὴν
551 2189 697 2266 εὔζωνον
720 2188 942 2273 ἀναλαβόντες
963 2193 1118 2274 νεότητα,
1146 2193 1187 2273 ἣν

173 2291 200 2358 τ’
223 2294 318 2360 αὐτοὶ
341 2291 606 2377 συντεταγμένην
630 2289 721 2379 εἶχον
743 2293 798 2360 καὶ
821 2296 882 2378 τὴν
904 2299 993 2379 παρὰ
1016 2307 1084 2361 τῶν
1106 2303 1188 2380 πλη-

136 2425 162 2463 ιο
176 2403 348 2485 σιοχώρων
370 2410 560 2483 παροῦσαν,
588 2398 812 2484 ἐμβάλλουσιν
835 2403 882 2477 είς
904 2403 944 2465 τά
965 2407 1189 2487 προσκείμενα

174 2515 212 2590 τῇ
242 2505 386 2593 σφετέρᾳ
412 2507 504 2593 χώρᾳ
530 2507 644 2589 πεδία,
671 2505 727 2570 καὶ
755 2507 972 2590 διαρπάζωσι
994 2519 1131 2591 καρπῶν
1155 2533 1189 2574 τε

114 2628 117 2632 ’
173 2611 229 2676 καὶ
247 2613 467 2697 βοσκημάτων
484 2611 540 2676 καὶ
559 2611 750 2697 ἀνθρώπων
764 2614 844 2678 ὄντα
861 2613 970 2697 μεστά.
1003 2618 1190 2700 κατέβησαν
1226 2673 1229 2678 .

173 2718 236 2799 γάρ
261 2717 297 2782 ἐκ
319 2728 386 2782 τῶν
410 2717 582 2802 ἐρυμάτων
601 2720 637 2784 οί
657 2717 798 2804 γεωργοὶ
816 2725 912 2805 χιλοῦ
929 2743 963 2784 τε
982 2731 1050 2784 τῶν
1068 2724 1190 2805 βοσκη-

174 2821 285 2914 μάτων
313 2821 409 2886 ἕνεκα
435 2823 491 2888 καί
514 2823 668 2908 ἐργασίας
689 2836 757 2891 τῶν
780 2825 892 2912 ἀγρῶν
914 2828 1126 2904 πιστεύοντες
1148 2837 1246 2912 τῇιιιί

133 2952 159 2991 ετ
174 2924 316 3013 σφετέρα
338 2935 473 3014 στρατιᾷ
492 2927 729 3016 προκαθημένῃ
747 2930 802 2996 καλ
821 2932 863 2998 οὐ
881 2933 1071 3017 φθάσαντες
1090 2932 1189 3014 άπελ-

172 3033 302 3115 θοάσης
320 3032 612 3118 ἀνασκευάσασθαι
629 3037 742 3120 πάλιν,
760 3038 822 3103 οὐκ
840 3037 1030 3115 ἐλπίσαντες
1043 3049 1189 3104 τοσαῦτα

245 3190 344 3252 2τοδς
363 3189 467 3258 λόφους
485 3190 532 3244 Ba
604 3194 710 3264 ἔιδίψη
729 3193 752 3246 Β
771 3195 948 3264 δίψειΒιοέ.
966 3195 1096 3261 1x21‚2
1172 3202 1187 3250 8

173 3259 275 3334 ἔφερον
294 3261 319 3314 Α
397 3266 429 3315 16
452 3260 503 3330 τὴν
523 3262 654 3333 στρατιάν
674 3263 728 3320 del.
747 3263 891 3334 Kiessling
965 3269 997 3318 18
1021 3274 1144 3335 σημειῶν
1164 3270 1187 3318 Α

172 3336 292 3403 σημείων
314 3335 334 3386 Β
355 3339 359 3400 Ι
380 3332 512 3406 λαβόντες
531 3335 555 3386 Α
615 3338 649 3388 19
668 3336 763 3397 αὐτοῖς
781 3335 828 3390 Ba
888 3343 923 3390 26
942 3335 1188 3398 ἀνασκευάσαντες

173 3404 222 3458 ΑΟ
246 3403 499 3459 ἀνασκευάσασθαι
521 3403 625 3474 BOmg
649 3409 654 3474 Ι
681 3407 732 3460 οάκ
756 3401 960 3469 ἐλκίσαντεςΑ
984 3409 1035 3462 οὐκ
1054 3405 1091 3460 ἀν
1111 3401 1187 3461 ἐλπί-

173 3489 270 3534 σαντες
289 3477 310 3526 Β
330 3473 393 3527 οὐδ’
411 3471 448 3528 έλ.
468 3473 611 3544 Kiessling
