2496 3878
123 177 145 238 4
551 179 711 226 —z-

120 335 245 421 Ῥώμης
267 335 441 421 φυγάδων,
463 341 612 421 χαλεπῶς
630 331 668 400 δὲ
686 334 775 401 πάνυ
795 335 851 400 διὰ
869 336 930 419 τὴν
948 337 1141 418 προθυμίαν

124 453 192 508 τῶν
221 441 393 521 ἰδιοξένων
417 443 500 509 αὐτὰ
524 445 685 508 διασῶσαι
709 440 913 526 δυνηθέντες
934 442 975 505 τὰ
999 443 1221 526 σώματα,1315

127 551 203 635 δίχα
216 559 283 615 τῶν
297 549 473 637 χρημάτων
487 547 694 636 ἀνέστρεψαν
709 551 756 625 είς
769 550 830 632 τὴν
837 545 966 632 Ῥώμην
975 549 1144 635 ἄπρακτοι.

92 656 225 740 δόμοια
248 651 287 720 δὲ
308 656 439 732 τούτοις
462 653 585 739 συνέβη
608 662 732 720 παθεῖν
755 652 811 720 καὶ
833 664 903 730 τοῖς
925 655 973 730 είς
990 654 1050 738 τὴν
1066 650 1146 719 Ἰτα-

101 766 243 826 ελιῶτιν
275 759 489 845 ἀφικομένοις
515 762 645 845 Κύμην.
696 759 752 826 καὶ
784 762 847 848 γάρ
880 760 1000 826 αὐτόθι
1027 757 1147 825 πολλοὶ

125 864 294 950 Ῥωμαίων
322 869 564 952 διατρίβοντες,
591 869 627 932 οί
652 870 716 933 σὺν
743 875 789 954 τῷ
816 871 948 952 βασιλεῖ
973 869 1146 954 Ταρκυνίῳ

130 969 353 1049 διασωθέντες
376 971 412 1037 ἐκ
435 981 492 1056 τῆς
513 977 702 1050 τελευταίας
725 973 829 1056 μάχης
846 973 1007 1058 φυγάδες,
1029 968 1146 1056 τὸμὲν

128 1088 261 1164 πρῶτον
289 1075 489 1155 ἐξαιτεῖσθαι
516 1079 605 1162 παρὰ
632 1089 692 1144 τοῦ
720 1080 889 1163 τυράννου
916 1082 995 1156 τοὺς
1022 1080 1148 1162 ἀνδρας

131 1182 345 1270 ἐπεχείρησαν
367 1182 421 1249 ἐπὶ
443 1184 591 1275 θανάτῳ,
615 1183 834 1270 ἀποτυχόντες
853 1182 890 1250 δέ
908 1186 1028 1250 τούτου
1047 1185 1147 1270 ῥύσια

93 1308 119 1348 ιο
132 1301 307 1374 κατασχεῖν
338 1299 440 1355 ταῦτα
472 1291 512 1355 τά
543 1292 676 1374 σώματα
705 1293 794 1376 παρὰ
823 1300 881 1375 τῆς
910 1290 1149 1367 ἀπεσταλκυίας

130 1398 257 1473 πόλεως
279 1395 408 1479 ἠξίουν,
431 1394 492 1472 ἕως
516 1394 708 1481 ἀπολάβωσι
730 1397 788 1474 τδις
810 1394 937 1463 ἑαυτῶν
960 1397 1086 1482 οὐσίας,
1109 1397 1149 1475 δὶς

131 1503 258 1585 ἔφασαν
279 1501 345 1567 ὑπὸ
360 1500 530 1586 Ῥωμαίων
552 1501 674 1594 ἀδίκως
697 1505 934 1588 δεδημεῦσθαι,
956 1501 1011 1569 καὶ
1029 1505 1149 1586 ταύτης

132 1605 237 1692 ᾤοντο
266 1610 338 1673 δεῖν
365 1617 423 1692 τῆς
450 1610 544 1692 δίκης
571 1609 629 1673 τὸν
656 1610 825 1696 τύραννον
852 1609 965 1685 αὐτοῖς
990 1607 1149 1692 γενέσθαι

96 1715 259 1798 4κριτήν.
300 1714 319 1780 δ
343 1711 380 1779 δὲ
403 1724 577 1800 τυραννῶν
600 1717 673 1780 τότε
696 1726 755 1800 τῆς
777 1717 894 1800 Κύμης
912 1712 1149 1802 Ἀριστόδημος

93 1835 119 1876 1⁵
133 1813 175 1901 ἦν
200 1818 217 1884 ὁ
238 1816 524 1906 Ἀριστοκράτους,
548 1820 632 1906 ἀνὴρ
656 1821 697 1886 οὐ
720 1831 786 1888 τῶν
810 1822 1031 1905 ἐπιτυχόντων
1053 1821 1150 1888 ἕνεκα

133 1923 263 2008 μένους,
286 1925 322 2001 ὃς
345 1925 492 1991 ἐκαλεῖτο
511 1930 673 2003 Μαλακὸς
695 1926 760 1992 ὑπὸ
783 1940 850 1994 τῶν
873 1927 983 1993 ἀστῶν
1006 1925 1061 1993 καὶ
1085 1931 1149 1993 σὺν

133 2032 243 2118 χρόνῳ
271 2030 527 2118 γνωριμωτέραν
554 2042 615 2098 τοῦ
643 2033 805 2116 ὀνόματος
832 2035 906 2118 ἔσχε
932 2035 994 2119 τὴν
1021 2039 1150 2118 κλῆσιν,

133 2133 198 2200 είθ’
222 2136 272 2200 ὅτι
299 2138 486 2223 θηλυδρίας
513 2136 642 2221 ἐγένετο
670 2150 747 2216 παῖς
774 2139 821 2205 ὢν
847 2138 904 2205 καὶ
929 2142 969 2204 τὰ
997 2137 1233 2223 matam-216

135 2241 339 2325 ἁρμόττοντα
357 2245 510 2328 ἔπασχεν,
528 2244 573 2321 ὡς
592 2245 764 2330 ίστοροῦσί
779 2269 877 2329 τινες,
895 2244 960 2310 είθ’
980 2245 1031 2310 ότι
1046 2253 1152 2334 πρᾷος

94 2365 120 2405 2⁰
135 2343 177 2431 ἦν
200 2350 299 2432 φύσει
322 2345 377 2418 καὶ,
401 2351 545 2432 μαλακὸς
562 2353 611 2427 είς
629 2350 745 2436 ὀργήν,
768 2352 813 2428 ὡς
830 2351 936 2439 έπεροι
954 2352 1150 2438 γράφουσιν.

100 2452 121 2518 5
137 2453 301 2539 ἀφορμαῖς
319 2452 356 2519 δὲ
375 2464 433 2539 τῆς
451 2458 650 2542 τυραννίδος
669 2457 797 2535 ὁποίαις
815 2457 974 2542 ἐχρήσατο
990 2455 1151 2534 καὶτίνας

82 2603 85 2613 =
134 2554 241 2642 ἦλθεν
265 2556 314 2625 ἐπ’
337 2561 441 2644 αὐτὴν
465 2562 566 2639 ὁδοὺς
588 2559 643 2628 καί
666 2574 735 2639 πῶς
758 2561 899 2651 διῴκησε
923 2564 962 2629 τά
985 2565 1066 2628 κατά
1089 2566 1151 2647 την

23 2687 43 2729 τε
136 2663 241 2749 ἀρχὴν
273 2676 501 2751 καταστροφῆς
532 2665 568 2732 θ’
602 2669 717 2745 ὁποίας
748 2668 880 2754 ἔτυχεν,
918 2670 979 2735 οὐκ
1001 2671 1151 2756 Ιἀκαιρον

135 2765 222 2834 εἶναι
250 2771 337 2835 δοκῶ
366 2774 485 2856 μικρὸν
511 2771 686 2856 ἐπιστήσας
708 2776 769 2857 την
793 2775 972 2860 Ῥωμαϊκὴν
996 2777 1151 2860 διήγησιν

89 2891 122 2969 ,λδ
136 2877 370 2961 κεφαλαιωδῶς
392 2874 586 2954 διεξελθεῖν.

207 3072 222 3119 2
243 3064 323 3120 ίδίων
342 3064 471 3132 ξένωνΒ
496 3067 642 3136 ἰδιοξένων
661 3070 686 3123 R
704 3071 823 3141 of.184‚
844 3077 859 3125 5
926 3077 941 3125 ό
962 3067 993 3127 έν
1011 3072 1098 3144 ταύτῃ
1117 3081 1151 3144 τῇ

135 3136 216 3191 πόλει
233 3136 260 3190 Α
278 3137 383 3192 αύτόθι
396 3137 446 3192 BC
502 3146 535 3194 10
555 3141 627 3196 αύτδι
645 3141 680 3195 τά
695 3147 719 3196 A
737 3151 826 3198 ταῦτα
843 3142 878 3197 τδι
892 3141 940 3198 Bc
996 3149 1029 3197 16
1050 3139 1153 3198 ἐπεκα-

136 3212 208 3262 λεῖτο
228 3225 250 3263 ο,
269 3207 412 3277 Kiessling
471 3214 504 3262 17
524 3216 621 3281 κλῆσιν
640 3211 690 3266 Ac
709 3215 738 3267 οῖ
757 3213 858 3268 Suidas
878 3231 898 3269 s.
917 3231 943 3269 v.
962 3211 1153 3284 Ἀριστόδημος

137 3273 281 3347 ἐπίκλησιν
299 3278 322 3331 Β
382 3286 416 3334 20
435 3282 559 3349 μαλακὸς
577 3281 617 3345 είς
635 3283 721 3354 ἀρχὴν
740 3284 765 3337 Α
783 3286 812 3338 eb
831 3284 931 3338 Suidas
950 3305 977 3354 μ.
996 3285 1067 3356 πρὸς
1085 3285 1108 3340 ὀ.
1129 3285 1152 3338 Β

137 3347 177 3410 είς
194 3349 247 3404 hoc
265 3349 328 3404 1000
348 3351 376 3404 οῖ
394 3349 434 3404 IX
448 3356 491 3419 44,
507 3359 522 3405 5
543 3352 597 3409 del.
618 3371 678 3408 esse
698 3357 794 3409 censet
814 3355 902 3410 Cobet
920 3355 986 3411 Obs.
1001 3374 1028 3426 p.
1045 3361 1096 3409 135
1116 3357 1152 3412 of.

136 3418 226 3474 Krebs
245 3420 311 3476 Rec.
326 3420 381 3476 litt.
400 3421 470 3492 phil.
489 3440 563 3478 nova
582 3430 651 3479 1886
671 3444 697 3496 p.
714 3431 765 3481 325
819 3431 852 3480 25
871 3427 1151 3500 κεφαλ<αι>ωδῶςΒ
