2496 3878
479 238 641 286 -Ζ-
1025 236 1068 301 75

70 395 193 478 ὕστερον
206 393 412 479 χρησάμενος
424 397 549 479 νόμους
562 393 590 460 τ’
606 395 895 482 ἀπροβουλεύτους
909 398 1067 486 εἰσφέρει,

69 497 113 564 καί
132 501 268 576 τούτους
290 499 477 585 ἐπιψηφίζει
501 503 577 587 δίχα
594 512 652 586 τῆς
668 502 827 587 ὑμετέρας
850 506 993 590 γνώμης,
1012 503 1068 572 καὶ

71 598 110 682 οἷς
128 605 166 670 ἂν
188 607 284 690 ὑμεῖς
305 607 461 691 ἐκφέρητε
481 609 644 692 δόγμασιν
663 609 704 674 ού
722 608 876 694 προσέχει
893 613 953 677 τὸν
971 619 1067 696 νοῦν,

69 709 111 776 καὶ
138 721 202 776 τῶν
232 713 369 778 ὑπάτων
401 714 445 790 ὡς
476 714 538 779 οὑκ
571 715 683 800 ὀρθῶς
713 717 775 799 τὴν
806 719 905 782 πόλιν
937 716 1067 802 ἐπιτρο-

25 820 220 884 ιλιεπευόντων
255 823 446 905 κατηγόρει,
479 819 536 885 καὶ
565 833 635 898 τοῖς
664 820 856 905 ἐκβαίνουσι
888 825 978 909 παρὰ
1009 825 1068 901 τδις
1094 843 1107 886 ο
1173 885 1182 902 ,

68 923 207 1009 ὑμετέρας
236 928 420 1009 συνθήκας·
453 928 560 992 πολλὰ
588 923 618 992 δ’
646 926 752 1012 ἐστίν,
782 920 830 993 ὧν
858 927 900 992 ού
928 929 1067 994 δύναται

68 1031 277 1114 στοχάσασθαι
286 1034 443 1117 λογισμὸς
457 1031 683 1118 ἀνθρώπινος·
698 1034 740 1100 οὐ
754 1035 815 1117 την
828 1035 942 1119 τύχην,
957 1035 1066 1117 ὥσπερ

68 1134 160 1220 ἐχρῆν,
182 1136 269 1203 άλλδι
291 1140 352 1232 την
370 1137 533 1225 ὑμετέραν
552 1139 726 1226 ἐπιγράφει
745 1140 910 1225 διάνοιαν,
933 1139 1067 1225 ἐπιβου-

67 1231 209 1308 λεύεσθαί
234 1240 271 1308 θ’
298 1241 357 1329 ὑφ’
383 1245 479 1329 ὑμῶν
507 1249 731 1330 σκηπτόμενος
757 1245 813 1311 καὶ
836 1243 993 1330 δεδιέναι,
1020 1249 1065 1332 μὴ

67 1349 113 1430 τὴν
139 1347 337 1435 ἐλευθερίαν
367 1349 536 1435 ἀφέλησθε
567 1350 587 1435 ἣ
619 1361 677 1434 τῆς
706 1353 864 1438 πατρίδος
898 1351 1065 1438 ἐκβάλητε,
1080 1375 1107 1414 ιο

66 1452 147 1530 αὐτὸς
173 1451 225 1539 ἐφ’
259 1455 340 1540 ὑμῖν
368 1465 470 1521 ταῦτα
497 1457 733 1541 μηχανώμενος
760 1458 919 1541 διατελεῖ,
946 1456 1001 1523 καὶ
1028 1460 1065 1524 τὸ

66 1559 99 1640 μη
118 1567 239 1625 παθεῖν
264 1560 282 1625 ὑ
307 1559 492 1627 δεδοικέναι
515 1566 630 1646 φησίν,
656 1563 717 1628 οὑκ
740 1565 830 1652 άλλφ
853 1561 919 1628 τινὶ
942 1567 1066 1648 φυλατ-

65 1667 184 1748 τόμενος
214 1668 317 1750 δῆλός
340 1666 445 1749 ἐστιν,
473 1667 493 1752 ἢ
517 1675 561 1756 τρλ
587 1670 707 1754 δρᾶσαι
729 1669 873 1754 φθάσας.
919 1667 1100 1755 ἐδήλωσεδ

65 1767 93 1834 δέ
116 1782 211 1838 τοῦτο
235 1775 394 1850 πολλάκις
417 1770 478 1858 μὲν
501 1773 557 1840 καὶ
578 1778 741 1860 πρότερον
765 1773 820 1840 καὶ
850 1773 903 1840 ἐπὶ
931 1781 1064 1842 πολλῶν

65 1869 102 1940 ὧν
121 1877 307 1965 ἐξείργομαι
330 1887 521 1964 μεμνῆσθαι
544 1881 626 1946 κατὰ
649 1883 686 1946 τὸ
709 1884 834 1966 παρόν,
861 1881 1003 1965 μάλιστα
1027 1879 1064 1948 δέ
1078 1903 1104 1944 15

64 1984 203 2068 Μάρκιον
222 1983 358 2051 τουτονὶ
375 1987 435 2051 τὸν
453 1989 633 2070 φιλόπολιν
652 1988 770 2072 ἄνδρα,
793 1988 870 2052 οὔτε
888 1991 1064 2073 προγόνων

65 2086 184 2182 ἀφανῶν
215 2093 295 2156 όντα
325 2088 395 2156 οὔτ’
427 2091 529 2156 αὑτὸν
562 2091 660 2177 ἀρετῇ
693 2096 890 2176 λειπόμενον
923 2095 1065 2172 οὐθενὸς

64 2193 154 2280 ὑμῶν,
187 2197 421 2281 αίτιασάμενος
453 2196 682 2282 ἐπιβουλεύειν
712 2198 801 2287 αύτῷ
829 2196 885 2264 καὶ
916 2202 1065 2285 πονηράς

65 2298 168 2367 ἐνθάδε
187 2304 323 2387 γνώμας
341 2302 463 2387 λέγειν,
483 2305 619 2387 ἄκριτον
637 2302 847 2390 ἐπεχείρησεν
864 2303 1061 2370 ἀποκτεῖναι.

24 2405 106 2470 ινιτιαλ
125 2412 154 2474 εί
175 2411 222 2495 μη
247 2411 360 2475 δεινὸν
382 2409 586 2494 ἡγησάμενοι
609 2412 646 2476 τὸ
669 2420 803 2495 πρᾶγμα
826 2411 862 2476 οἵ
880 2404 917 2474 θ’
943 2393 1103 2508 ὑπατοιξίο

65 2511 106 2576 καὶ
125 2515 219 2599 ὑμῶν
243 2517 279 2581 οί
299 2517 338 2580 τδι
360 2520 496 2601 κρείττω
520 2525 725 2601 φρονοῦντες
743 2517 988 2602 συνεστράφητε
1007 2516 1063 2583 καὶ

65 2617 111 2700 την
130 2625 342 2706 παρανομίαν
361 2621 511 2707 ἐπέσχετε
531 2623 652 2706 αὐτῶν,
675 2621 712 2688 ἐν
729 2632 789 2711 μιᾷ
807 2631 846 2708 τῇ
865 2625 937 2688 τότε
957 2623 1064 2713 ἡμέρᾳ

65 2723 140 2790 πάντ’
176 2727 221 2792 ἂν
254 2726 461 2814 ἀφῃρέθητε,
494 2728 555 2792 ὅσα
588 2729 623 2794 οί
652 2727 789 2813 πατέρες
820 2725 857 2794 θ’
887 2729 968 2814 ὑμῖν
998 2735 1062 2797 σὺν

65 2835 181 2911 πολλοῖς
208 2835 407 2918 κτησάμενοι
434 2837 550 2911 πόνοις
576 2834 751 2901 κατέλιπον
774 2834 829 2900 καὶ
852 2836 948 2902 αὐτοὶ
970 2838 1063 2923 ὑμεῖς

66 2935 111 3001 οὑκ
137 2939 292 3016 ἐλάττους
327 2939 457 3024 άγῶυας
487 2939 623 3006 ἐκείνων
655 2941 857 3019 ὑποστάντες
886 2945 993 3028 ἔχετε,
1024 2947 1061 3010 τὸ
1076 2961 1102 3002 2⁵
1153 2929 1156 2939 Δ
1229 2983 1234 3014 ι

65 3038 188 3130 ἀξίωμα,
213 3047 275 3130 τὴν
303 3045 501 3130 ἡγεμονίαν,
529 3047 590 3130 την
618 3045 828 3132 ἐλευθερίαν·
860 3049 897 3114 οί
921 3045 959 3114 δέ
988 3073 1062 3133 γεν-
1233 3047 1234 3054 ¹

119 3267 298 3398 3ἐκφερὲητε
312 3304 346 3314 -
361 3271 426 3344 τὴν]
440 3273 523 3328 πόλιν
538 3272 560 3327 Ο
575 3273 727 3341 praeterA
742 3274 806 3330 add.
822 3277 902 3343 Amg
955 3272 1061 3344 θέφην
1144 3279 1146 3283 ’
1233 3243 1234 3290 ³

66 3334 173 3412 οεχρχι
192 3360 214 3398 0.
255 3343 359 3398 menis
378 3343 439 3398 Em.
458 3343 540 3399 Dion.
559 3344 647 3398 [1122
741 3351 772 3398 ιε
793 3343 820 3414 ε]
841 3343 860 3397 ε
880 3361 895 3396 ε
917 3343 1061 3414 Kiessling
1218 3319 1234 3376 ἐ

66 3412 90 3463 16
101 3413 284 3485 φιλοπόλεμον
304 3412 327 3467 Ο
347 3430 416 3468 corr.
436 3414 560 3484 Sylburg
632 3421 665 3468 23
684 3415 778 3469 πάντα
798 3414 820 3468 0
844 3413 949 3476 πάντες
967 3415 1061 3470 Κίοεε-

67 3476 113 3550 l'lssg
130 3485 134 3557 Ι
153 3482 182 3539 οί
199 3501 253 3542 om.
273 3485 327 3538 AB
347 3502 384 3539 an
403 3484 447 3540 ὑπ’
469 3483 513 3540 ol?
586 3489 620 3539 25
640 3483 732 3554 ἔσχετε
752 3503 774 3538 ο.
794 3482 917 3550 Sylburg
