2484 3876
172 200 217 266 84
413 241 418 250 ·
598 203 759 252 -Ζ-

173 380 244 427 σειν
273 363 337 446 γὰρ
365 361 406 427 οὐ
433 362 534 448 μικρά
560 371 605 449 τῷ
634 363 867 428 κινδυνεύοντι
896 363 953 427 καί
979 363 1111 438 τούτους
1130 364 1214 438 είςιεε·

173 471 335 552 σωτηρίας
353 468 474 554 ῥοπήν·
492 466 548 533 καὶ
565 470 610 554 μη
630 471 735 553 μόνον
754 468 876 546 αὐτοὺς
894 469 1000 546 οὕτως
1017 470 1100 552 ἔχειν
1111 479 1171 544 ταῖς

173 576 329 660 γνώμαις,
352 573 436 640 ἀλλὰ
458 573 513 640 καὶ
535 575 677 652 πελάτας
698 573 838 641 ἕκαστον
861 578 939 653 τοὺς
962 574 1064 641 αὑτοῦ
1080 595 1172 660 παρα-

173 688 286 748 καλεῖν
309 679 364 746 καλ
382 683 501 766 φίλους
518 681 690 765 συνάγειν,
712 679 767 746 καὶ
790 687 825 746 εί
842 705 934 759 τινας
953 684 1079 758 οἰκείως
1096 683 1172 766 ἔχειν

146 791 268 873 σσφίσι
296 798 363 854 τῶν
390 787 577 872 δημοτικῶν
608 785 652 852 δι’
684 787 872 872 εὐεργεσίας
902 788 1173 872 ὑπολαμβάνουσι,

173 894 228 961 καὶ
250 896 389 971 τούτους
411 892 489 959 νυνὶ
506 896 568 978 την
587 897 749 979 πρότερον
772 893 993 979 ὀφειλομένην
1013 895 1107 980 χάριν
1129 891 1173 957 ε’τὶ

137 1009 159 1072 4
173 1011 231 1086 τῆς
248 1005 460 1087 ψηφοφορίας
478 1000 638 1067 ἀπαιτεῖν.
674 1003 712 1066 τό
730 1024 765 1066 τε
783 1003 1007 1087 φιλόχρηστον
1021 999 1076 1066 καὶ
1093 1017 1173 1084 μισο-

90 1177 93 1182 ,
172 1112 321 1192 πόνηρον
353 1107 414 1172 οὐκ
444 1106 559 1190 ὀλίγον
591 1104 761 1192 ἀπέφηνεν
793 1105 829 1172 έκ
861 1116 921 1173 τοῦ
953 1108 1062 1191 δήμου
1088 1105 1174 1191 μέρος

133 1345 159 1384 10
173 1320 312 1404 πάσχειν
339 1343 370 1384 τι
402 1320 460 1396 τδις
487 1318 704 1405 ἀνθρωπίνας
730 1317 786 1386 καὶ
813 1319 918 1386 ἐλεεῖν
947 1316 1018 1386 οἶδε
1046 1323 1120 1397 τοὺς
1143 1318 1175 1384 ἐν

172 1437 241 1503 τοῖς
267 1425 465 1510 ἀξιώμασιν,
495 1426 575 1491 ὅταν
604 1428 651 1503 είς
677 1427 815 1490 ταπεινὰ
842 1424 988 1492 πέσωσιν
1015 1427 1123 1492 αὐτῶν
1147 1425 1178 1490 αί

137 1534 276 1618 5τύχαι.
328 1533 346 1598 ὁ
381 1528 418 1598 δέ
451 1535 576 1598 πλείων
607 1535 706 1615 λόγος
736 1531 862 1615 ἐγίνετο
893 1531 981 1620 αὐτῷ
1014 1535 1097 1618 πρὸς
1125 1534 1176 1597 τὸν
1217 1589 1218 1600 ,

173 1639 328 1724 Μάρκιον
351 1639 558 1723 παράκλησιν
581 1640 666 1724 έχων
689 1640 886 1722 νουθετήσει
909 1637 1111 1723 μεμιγμένην
1129 1635 1177 1702 καὶ

174 1743 289 1828 δέησιν
312 1744 448 1829 ἀνάγκη.
493 1743 588 1828 ἠξίου
612 1745 675 1830 γάρ
700 1744 819 1828 αὐτόν,
847 1742 917 1810 ἐπεὶ
940 1745 1106 1811 διιστάναι
1126 1745 1177 1808 τὸν

134 1876 159 1917 ιι
174 1853 281 1935 δῆμον
304 1851 367 1916 ἀπὸ
386 1859 443 1933 τῆς
460 1855 584 1935 βουλῆς
602 1852 711 1916 αἰτίαν
730 1852 795 1936 ἔχει
813 1849 869 1916 καὶ
887 1853 1085 1934 τυραννικὸς
1101 1846 1177 1914 εἶναι
1218 1932 1219 1946 χ

175 1959 386 2041 διαβάλλεται
414 1958 471 2022 διὰ
492 1957 553 2041 την
581 1957 766 2022 αὐθάδειαν
793 1966 853 2023 τοῦ
880 1961 1024 2040 τρόπον,
1052 1956 1125 2034 δέος
1148 1979 1178 2020 τε

173 2062 377 2149 παρέστηκεν
401 2064 514 2145 ἅπασι,
536 2065 580 2147 μη
600 2060 645 2128 δι’
667 2062 769 2128 αὑτὸν
787 2062 872 2148 ἀρχὴ
893 2061 1027 2148 γένηται
1046 2064 1219 2137 στάσεωςιιε

173 2167 228 2236 καὶ
251 2180 362 2235 κακῶν
386 2167 591 2253 ἀνηκέστων,
620 2169 640 2233 ἃ
664 2166 825 2253 φέρουσιν
854 2167 1011 2253 ἐμφύλιοι
1038 2173 1179 2253 πόλεμοι,

174 2278 218 2362 μὴ
242 2287 351 2343 ποιεῖν
375 2274 512 2360 ἀληθεῖς
534 2272 589 2340 καὶ
608 2278 724 2360 κυρίας
741 2275 798 2351 τὰς
815 2271 884 2339 κατ’
909 2273 1012 2342 αὐτοῦ
1031 2274 1180 2360 διαβολὰς

134 2408 160 2448 νο
173 2382 316 2467 μένοντα
346 2381 383 2448 έν
403 2389 459 2468 τῷ
488 2377 713 2470 φθονουμένῳ
743 2391 803 2446 τοῦ
833 2384 928 2465 βίου,
961 2379 1045 2446 ἀλλὰ
1081 2390 1180 2466 σχῆμα

172 2492 329 2555 ταπεινὸν
356 2491 551 2572 μεταλαβεῖν
579 2484 633 2552 καὶ
661 2498 730 2562 τοῖς
758 2487 946 2552 ἀδικεῖσθαι
969 2486 1104 2571 λέγουσι
1125 2487 1181 2569 τὴν

174 2594 327 2672 έξουσίαν
351 2604 410 2659 τοῦ
434 2595 583 2677 σώματος
607 2603 800 2678 παρασχεῖν,
822 2591 878 2658 καὶ
897 2595 941 2677 μὴ
960 2594 1097 2677 φεύγειν
1115 2594 1181 2656 άδι-

139 2710 234 2773 6κον
261 2703 406 2783 ἔγκλημα
436 2701 524 2788 λόγῳ
557 2699 636 2782 μετὰ
670 2700 763 2782 δίκης
795 2698 1034 2784 ἀπολυόμενον.
1084 2708 1181 2764 ταῦτα

174 2806 236 2889 γδρ
265 2805 353 2891 αὐτῷ
381 2806 464 2889 πρός
490 2827 523 2868 τε
554 2808 721 2889 σωτηρίαν
753 2803 981 2890 ἀσφαλέστατα
1013 2800 1099 2870 εἷναι
1131 2800 1181 2868 καὶ

135 2938 160 2979 ιε
173 2913 256 2998 πρὸς
269 2909 436 2993 εὐδοξίαν,
454 2904 492 2992 ης
506 2907 667 2993 ὀρέγεται,
685 2912 895 2992 λαμπρότατα
908 2908 964 2975 καὶ
977 2922 1046 2987 τοῖς
1058 2931 1182 2996 προυπ-

246 3109 260 3156 1
280 3099 413 3172 μικρὰ-
430 3098 565 3171 σωτηρίας
583 3097 674 3170 ᾆοπὴν
693 3098 715 3153 Ο
756 3101 838 3170 ικρδιν
853 3133 886 3141 -
902 3104 1039 3173 σωτηρίαν
1053 3097 1077 3173 ό.
1092 3100 1182 3154 Κίοεε-

173 3174 235 3244 ling
298 3171 466 3226 ῖαύτοῦΒ
529 3169 704 3242 6προτέραν
770 3189 839 3226 corr,
859 3172 981 3242 Sylburg
1044 3173 1092 3227 τ’
1106 3169 1184 3241 φιλό-

174 3251 239 3301 πολι
257 3243 306 3300 καὶ
324 3243 513 3313 μισοπόνηρον
536 3243 697 3314 χρηστδνΟ
724 3243 844 3314 χρηστὸν
867 3243 923 3298 del.
941 3243 1083 3313 ffiessling
1107 3239 1183 3312 φιλό-

175 3405 279 3455 χρηαον
297 3401 331 3439 ex
349 3330 544 3465 φιλόνχιλιλίτᾶλ.
559 3384 612 3438 VH
626 3389 668 3452 θλ,
684 3385 711 3452 3)
726 3399 778 3452 ego
830 3389 846 3437 9
861 3384 910 3439 καλ
920 3428 944 3466 ·:
958 3385 981 3438 B
1037 3391 1069 3440 10
1083 3383 1184 3452 πάσχει

176 3457 198 3509 0
217 3455 336 3524 πάσχειν
354 3454 496 3525 K10sslmg
568 3462 602 3509 23
621 3454 832 3525 όιπολυεόμενον
851 3472 873 3511 ο.
894 3456 996 3511 Rmske
