2484 3876
512 224 672 273 -Ζ-
1029 221 1092 284 117

71 385 223 461 ἄνθους·
251 395 322 460 τοῖς
349 379 381 448 θ’
408 385 456 460 είς
482 385 657 469 Σατύρους
682 385 886 470 περιζώματα
917 383 973 450 καὶ
998 382 1095 470 δοραὶ

15 491 16 494 ’
71 491 212 574 τρώγων
239 488 298 555 καλ
326 489 520 576 ὀρθότριχες
546 489 599 556 ἐπὶ
626 501 697 568 ταῖς
727 496 885 577 κεφαλαῖς
909 495 1013 577 φόβαι
1040 489 1095 558 καὶ

73 597 137 662 ὅσα
166 598 303 674 τούτοις
327 597 435 681 ὅμοια.
485 592 578 664 οὗτοι
605 597 834 664 κατέσκωπτόν
860 622 894 663 τε
921 595 976 663 καὶ
1003 621 1094 664 κατε-

73 713 242 788 μιμοῦντο
274 703 333 779 τὰς
361 704 544 780 σπουδαίας
573 706 718 788 κινήσεις
749 704 803 770 έπλ
834 706 874 770 τὰ
906 708 1094 791 γελοιότερα

75 808 329 894 μεταφέροντες.
367 809 506 892 δηλοῦσι
521 804 557 874 δέ
575 806 682 874 καλαί
696 820 764 876 τών
777 809 954 896 θριάμβων
968 813 1093 878 εἴσοδοι
1105 791 1144 906 Ῑ,Ῑ

78 916 223 981 παλαιὰν
252 913 309 980 καὶ
333 913 510 1001 ἐπιχώριον
536 910 642 982 οὖσαν
659 914 829 1001 Ῥωμαίοις
851 917 912 1000 τήν
934 913 1094 1001 κέρτομον

87 1021 133 1087 καλ
155 1023 346 1106 σατυρικήν
377 1022 523 1087 παιδιάν.
573 1021 700 1107 ἐφεῖται
730 1024 794 1108 γὰρ
821 1034 889 1100 τοῖς
915 1024 1095 1106 κατάγουσι

30 1130 135 1206 ιιεετώς
153 1132 257 1206 νίκας
275 1130 438 1212 ἰαμβίζειν
455 1150 489 1194 τε
512 1125 566 1194 καλ
584 1131 827 1196 κατασκώπτειν
845 1111 922 1208 τούς
941 1129 1095 1217 ε’πιφανε-

84 1237 219 1312 στάτους
242 1235 369 1318 ἄνδρας
387 1234 498 1312 αύτοῖς
516 1236 760 1322 στρατηλάταις,
784 1237 829 1314 ὡς
848 1234 1007 1322 Ἀθήνησι
1025 1248 1094 1316 τοῖς

79 1352 283 1427 πομπευταῖς
309 1353 378 1417 τοῖς
403 1339 455 1407 ἐπὶ
477 1353 544 1408 τών
566 1340 701 1427 ἁμαξῶν
722 1346 885 1430 πρότερον
907 1345 974 1428 ἅμα
999 1347 1092 1426 [τοῖς]
1109 1363 1134 1402 10

79 1450 255 1533 σκώμμασι
290 1446 570 1535 παροχουμένοις,
600 1457 665 1515 νῦν
698 1446 736 1515 θλ
767 1448 920 1535 ποιήματ’
954 1447 1095 1536 ᾅδουσιν

78 1551 289 1640 αὐτοσχέδια.
306 1567 309 1578 “
333 1549 427 1620 εἶδον
446 1551 483 1619 δέ
500 1553 556 1620 καλ
577 1554 615 1620 έν
634 1555 767 1642 ἀνδρῶν
786 1555 955 1640 ἐπισήμων
978 1567 1094 1641 ταφαῖς
1107 1557 1147 1623 12

77 1663 142 1744 ἅμα
174 1671 248 1737 ταῖς
276 1661 391 1738 ώλλαις
420 1673 563 1746 πομπαῖς
591 1660 864 1747 προηγουμένους
895 1671 952 1746 τής
981 1665 1096 1747 κλίνης

77 1771 154 1844 τοὺς
180 1778 387 1853 σατυριστῶν
409 1770 529 1854 χοροὺς
550 1767 771 1853 κινουμένους
790 1771 851 1853 τήν
870 1773 1016 1836 σίκιννιν
1039 1772 1094 1856 όρ-

79 1891 193 1959 χησιν,
226 1875 367 1958 μάλιστα
395 1871 426 1939 θ’
456 1873 494 1939 έν
520 1885 591 1950 τοῖς
617 1886 684 1940 τῶν
712 1875 922 1960 εὐδαιμόνων
949 1877 1095 1960 κήδεσιν.
1110 1895 1135 1934 1⁶

79 1982 127 2046 ὅτι
152 1977 185 2046 δ’
209 1981 286 2046 οὔτε
305 1982 443 2064 Λιγύων
462 1980 531 2048 οὔτ’
550 1977 735 2068 Ὀμβρικῶν
763 1980 832 2050 οὔτ’
859 1984 972 2049 ἄλλων
993 1995 1096 2050 τινών

78 2087 260 2172 βαρβάρων
278 2097 345 2152 τών
365 2086 402 2152 έν
417 2085 537 2176 Ἰταλίᾳ
554 2090 801 2155 κατοικούντων
815 2090 942 2175 εὕρημα
959 2089 980 2173 ή
998 2107 1095 2155 σατυ-

22 2196 153 2281 1193ρική
182 2194 299 2259 παιδιὰ
322 2191 376 2258 καὶ
400 2195 533 2279 ὄρχησις
554 2190 614 2278 ήν,
641 2191 712 2259 ἀλλ’
735 2193 921 2278 Ἑλλήνων,
949 2193 1094 2278 δέδοικα,

80 2302 121 2384 μή
143 2301 200 2365 καλ
224 2299 364 2386 ὀχληρὸς
381 2295 470 2365 εἶναί
484 2317 551 2366 τισι
570 2300 668 2384 δόξω,
686 2304 797 2384 λόγοις
814 2304 942 2366 πλείοσι
960 2309 1096 2365 πιστοῦ-

84 2413 160 2471 σθαι
182 2408 455 2491 ὁμολογούμενον
477 2416 611 2492 πρᾶγμα
634 2410 852 2493 βουλόμενος.
1108 2426 1134 2466 ²⁰

145 2514 242 2579 Μετὰ
262 2510 300 2578 δέ
318 2517 397 2590 τοὺς
413 2517 533 2600 χοροὺς
551 2515 688 2591 τούτους
713 2516 907 2600 κιθαρισταί
922 2512 955 2577 τ’
973 2511 1095 2597 ἀθρόοι
1107 2516 1147 2580 13

79 2618 133 2684 καὶ
157 2617 298 2704 αὐληταὶ
321 2617 440 2686 πολλοὶ
461 2617 679 2706 παρεξῄεσαν·
702 2619 758 2686 καλ
777 2616 846 2705 μετ’
866 2618 989 2696 αὐτοὺς
1011 2619 1095 2685 οἵτε

80 2728 117 2790 τὰ
139 2729 347 2811 θυμιατήρια
369 2729 567 2811 κομίζοντες,
596 2725 647 2811 ἐφ’
676 2721 723 2792 ών
747 2726 903 2814 ἀρώματα
925 2724 980 2792 καὶ
1003 2731 1095 2812 λιβα·

81 2835 184 2909 νωτὸς
211 2827 288 2917 παρ’
320 2832 402 2916 ὅλην
429 2832 511 2898 ὁδὸν
539 2831 716 2917 ἐθυμιᾶτο,
743 2832 799 2899 καλ
826 2834 861 2899 οί
885 2834 925 2898 τὰ
951 2845 1095 2920 πομπεῖα

82 2939 329 3026 παραφέροντες
352 2937 512 3025 ἀργυρίου
535 2936 590 3003 καὶ
613 2942 753 3026 χρυσίου
771 2939 975 3026 πεποιημένα
997 2941 1037 3006 τώ
1060 2963 1094 3006 τε
1108 2963 1134 3004 ετ

84 3047 152 3131 ἱερὰ
181 3043 238 3110 καὶ
265 3045 305 3110 τὰ
334 3046 485 3129 δημόσια.
535 3051 705 3111 τελευταῖα
736 3043 773 3111 δὲ
802 3046 935 3112 πάντων
965 3047 1002 3110 αί
1028 3057 1095 3111 τῶν

150 3210 167 3256 2
187 3211 283 3271 φῶκαι
299 3200 348 3255 Aa
366 3203 462 3273 φῶβαι
481 3202 528 3256 ΑΙ)
614 3210 630 3257 3
650 3202 733 3273 ὅμοια
753 3219 838 3272 supra
857 3203 951 3267 script.
970 3202 994 3253 Β
1075 3205 1092 3252 ὅ

84 3273 114 3327 αἱ
129 3289 215 3343 supra
234 3274 371 3342 script.B
426 3273 690 3343 9στρατηλώταςΒ
741 3280 774 3328 10
792 3275 886 3337 τοῖςΟ
906 3272 959 3328 del.
974 3271 1093 3325 Hudson

85 3351 114 3399 11
134 3342 381 3415 παρορχουμὲνονς
399 3343 421 3398 Ο
441 3360 509 3397 corr.
525 3343 646 3413 Sylburg
666 3347 670 3414 Ι
690 3345 833 3416 ποιήματα
853 3343 875 3398 0
949 3349 981 3396 12
1002 3340 1091 3414 εἶδον]

85 3409 151 3483 ήόον
169 3417 195 3468 Α
283 3422 316 3469 14
335 3415 499 3485 αατνριοτὰς
517 3414 540 3468 0
559 3432 627 3469 corr.
648 3415 801 3469 Salmasius
890 3421 921 3467 17
942 3412 1049 3484 εὕρημα
1069 3419 1094 3468 Α
1226 3441 1227 3452 ¹

86 3485 186 3557 εύρεμα
204 3486 228 3539 Β
300 3493 334 3539 21
354 3485 421 3553 όλην
439 3486 491 3554 τὴν
509 3484 577 3539 ὁδὸν
596 3502 619 3539 ο,
638 3485 782 3551 Kiessling
