2508 3882
504 162 673 214 -Θ-
1027 163 1090 227 287

71 322 161 405 γωγὰ
183 319 239 386 καὶ
262 321 373 386 πολλὰ
397 319 520 404 μεταξὺ
543 331 612 386 τῶν
636 324 747 403 λόγων
765 319 937 407 ἐκχέοντος
955 323 1093 408 δάκρυα,

70 433 221 512 λοχαγῶν
245 450 281 491 τε
306 425 363 492 καλ
385 426 574 512 ταξιάρχων
596 425 652 492 καλ
670 438 738 492 τῶν
755 428 867 492 ἄλλων
886 440 1093 511 στρατιωτῶν

71 532 220 615 ἕκαστον,
245 527 272 620 ᾧ
298 530 440 617 συνήθει
462 554 496 596 τι
519 535 672 618 λαμπρὸν
695 533 794 617 ἔργον
817 532 854 598 ἐν
877 534 994 619 μάχαις
1012 533 1092 601 ἀπο-

71 636 270 727 δειξαμένῳ,
298 635 372 703 ιιατ’
401 641 509 720 ὄνομα
536 637 799 716 ἀνακαλοῦντος,
812 637 880 728 ’καὶ
907 641 1013 706 πολλὰ
1037 641 1092 706 καλ
1233 625 1235 696 λ

71 745 195 828 μεγάλα
218 755 291 820 τοίς
313 744 531 830 ἀριστεύσασι
553 745 636 809 κατα
658 744 719 826 τήν
742 745 850 828 μύχην
868 747 1091 829 φιλάνθρωπα
1119 773 1131 812 ι
1235 751 1236 800 λ

72 852 191 916 θύσειν
213 848 490 934 ὑπισχνουμένου
512 851 596 934 πρὸς
618 851 655 914 τὸ
678 859 745 913 τῶν
767 848 917 931 πράξεων
939 851 1092 936 μέγεθος,
1236 846 1237 890 ¹

72 957 164 1040 τιμύς
192 979 228 1021 τε
257 953 314 1020 καλ
341 956 510 1031 πλούτους
532 952 587 1019 καὶ
610 955 668 1030 τὰς
691 955 792 1030 ἄλλας
813 957 986 1039 βοηθείας,
1012 956 1091 1021 ἀνα·
1237 942 1238 962 ἦ

73 1064 203 1145 βοήσεις
232 1061 266 1139 ἐξ
295 1059 454 1126 ἁπάντων
478 1059 629 1143 ἐγίνοντο
652 1065 794 1145 θαρρεῖν
816 1083 850 1124 τε
873 1068 1091 1147 παρακελευο-

75 1167 180 1252 μένων
205 1166 263 1232 καλ
287 1168 384 1250 ἄγειν
407 1165 461 1232 ἐπὶ
484 1169 544 1232 τὸν
566 1164 680 1248 ἀγῶνα
699 1164 889 1243 ἀξιούντων.
925 1166 1037 1252 ἐπειδὴ
1057 1166 1126 1239 δ’2

75 1274 255 1356 ἐπαύσατο,
288 1271 490 1358 προέρχεταί
517 1295 567 1348 τις
599 1269 636 1336 ἐκ
665 1281 725 1336 τοῦ
754 1273 921 1355 πλήθους,
953 1274 1091 1354 Μάρκος
1106 1299 1131 1338 ιο

78 1381 288 1465 Φλαβολήιος
307 1381 426 1462 ὄνομα,
445 1377 531 1462 ἀνήρ
551 1378 728 1461 δημοτικὸς
745 1372 806 1461 μὲν
823 1377 878 1443 καὶ
897 1378 1091 1463 αὐτουργός,

77 1487 114 1550 οὐ
132 1487 199 1570 μήν
218 1496 288 1550 τῶν
307 1483 563 1570 ἀπερριμμένων
581 1507 642 1567 τις,
660 1482 744 1547 ἀλλὰ
761 1493 829 1548 τῶν
844 1482 1090 1568 ἐπαινουμένων

79 1590 117 1655 δι’
136 1591 259 1676 ἀρετήν
278 1589 333 1656 καλ
351 1592 392 1655 τὰ
411 1589 552 1673 πολέμια
570 1591 718 1672 ἄλκιμος,
735 1586 791 1653 καὶ
809 1587 854 1653 δι’
872 1591 969 1674 ἄμφω
988 1601 1090 1656 ταῦτα

81 1695 148 1774 ἑνὸς
166 1708 236 1762 τῶν
253 1697 431 1781 ταγμάτων
449 1705 488 1780 τῇ
508 1695 718 1780 λαμπροτάτη
737 1693 820 1780 ἀρχή
839 1696 1090 1781 κεκοσμημένος,

17 1796 99 1886 ιιειή
122 1805 179 1880 τὰς
207 1801 368 1890 ἑξήκοντα
396 1799 648 1886 ἑκατονταρχίας
675 1801 816 1866 ἕπεσθαί
839 1825 874 1868 τε
901 1801 1015 1868 καὶτὸ
1039 1827 1129 1869 κε-ιι

80 1913 258 1994 λευύμενον
281 1909 459 1992 ὑπηρετεῖν
481 1909 608 1972 κελεύει
631 1906 693 1990 <ὁ>
715 1910 824 1991 νόμος.
861 1911 997 1986 τούτους
1015 1908 1090 1975 Ῥω-

78 2027 165 2099 μαῖοι
194 2018 274 2093 τοὺς
303 2015 469 2098 ἡγεμόνας
497 2021 536 2097 τῇ
564 2015 690 2100 πατρίῳ
719 2015 845 2098 γλώττη
871 2019 1090 2100 πριμοπίλους

77 2126 245 2188 καλοῦσιν.
278 2116 409 2197 οὗτοςὸ
425 2118 510 2201 ἀνήρ
521 2155 563 2166 -·-
578 2114 621 2201 ήν
635 2114 673 2183 δὲ
686 2121 769 2203 πρὸς
783 2130 851 2196 τοῖς
864 2121 977 2196 ἄλλοις
990 2119 1090 2203 μέγας
1104 2131 1124 2192 3

77 2251 108 2292 τε
132 2225 186 2292 καλ
209 2229 312 2303 καλὸς
335 2227 422 2290 ίδείν
440 2263 477 2270 -
500 2224 589 2307 στάς,
612 2224 695 2289 ὅθεν
718 2226 839 2290 ἅπασιν
862 2227 997 2307 ἔμελλεν
1020 2229 1088 2290 ε”σε-

79 2341 157 2399 σθαι
179 2335 343 2418 φανερός,
366 2329 457 2395 Ἐπεὶ
480 2327 584 2413 τοῦτ’,
612 2333 750 2414 ἔφησεν,
773 2325 799 2394 ὦ
822 2330 957 2413 ὑπατοι,
980 2332 1088 2396 δειλοί·
1102 2358 1128 2397 ιο

78 2464 163 2522 κατε,
186 2441 231 2522 μή
253 2439 295 2502 τὰ
318 2440 398 2520 ἔργα
421 2436 516 2519 ήμῶν
535 2435 595 2519 οὐχ
615 2435 713 2520 ὅμοια
731 2435 863 2519 γένηται
881 2447 949 2514 τοῖς
967 2441 1089 2520 λόγοις,

79 2547 141 2630 ἐγὼ
167 2555 298 2632 πρῶτος
325 2543 407 2627 ὑμίν
435 2537 519 2627 ὑπὲρ
547 2542 690 2625 ἐμαυτοῦ
711 2544 748 2607 τὸ
772 2540 907 2628 βέβαιον
930 2553 986 2628 τῆς
1008 2545 1088 2610 ὑπο-

80 2651 219 2738 σχέσεως
242 2649 279 2715 ύκ
301 2657 359 2731 τής
381 2652 536 2732 μεγίστης
552 2651 692 2724 πίστεως
709 2647 900 2735 παρέξομαι·
924 2649 979 2716 καλ
996 2651 1089 2736 ὑμεῖς

81 2758 124 2834 θ’,
153 2753 177 2822 ὑ
200 2761 335 2822 πολῖται
358 2752 471 2819 τεκαὶ
494 2763 551 2837 τῆς
573 2754 674 2837 αὐτῆς
695 2754 853 2821 κοινωνοὶ
875 2759 989 2844 τύχης,
1016 2759 1089 2825 ὅσοι

149 2921 164 2966 3
183 2908 215 2966 ἐν
234 2928 289 2966 om.
308 2910 331 2963 B
348 2916 352 2978 Ι
368 2909 599 2980 ἀποδειξαμένων
619 2911 642 2963 Α
720 2917 735 2964 5
759 2912 808 2966 καλ
826 2915 891 2968 ante
911 2917 1016 2986 μεγάλα
1035 2934 1088 2972 om.

81 2987 123 3038 Ba
141 2983 205 3038 add.
224 2982 271 3036 Bb
362 2981 519 3050 ὑμέγεθος
538 3024 543 3035 .
560 3024 565 3034 .
585 2981 706 3051 τιμὰςΒ
798 2985 1001 3058 Ἰάναβοήσεις
1018 2987 1089 3042 τεΒ

17 3089 18 3092 =
82 3053 193 3128 9<θ>ὲ
212 3053 260 3106 Bb
348 3058 381 3106 10
404 3052 588 3122 προσέρχεται
605 3052 658 3106 ΑΒ
745 3059 776 3108 11
804 3057 975 3129 Φλαβολήιος
993 3057 1089 3120 ὑλοςὸ

82 3126 150 3196 ἀνὴρ
168 3127 232 3194 δημ.
252 3123 278 3177 A
299 3126 345 3177 Φλ.
366 3122 455 3193 ὄνομα
474 3124 622 3192 δημοτικὸς
642 3126 663 3178 Β
744 3132 775 3179 13
800 3125 839 3181 δι’
861 3131 890 3181 ελ
910 3135 942 3182 14
961 3138 1015 3183 τῶν
1035 3148 1088 3185 om.

82 3200 123 3252 Ba
195 3202 228 3249 16
249 3193 263 3247 ὑ
284 3196 350 3247 ante
368 3195 453 3264 νόμος
472 3194 536 3249 add.
556 3194 699 3266 Kiessling
720 3202 724 3265 Ι
746 3196 861 3260 τούτους
875 3197 1005 3269 Ῥωμαῖοι
1022 3201 1087 3257 add.

82 3268 177 3335 Bbmg
252 3271 283 3318 17
302 3267 483 3334 πριμιπίλους
501 3283 523 3320 c.
539 3264 628 3319 Cobet
647 3266 713 3322 Obs.
727 3285 754 3336 p.
773 3277 822 3324 174
889 3277 924 3324 20
942 3266 1089 3329 ἐπὶτοῦτο

83 3340 104 3392 Α
126 3334 171 3393 ἐπὶ
194 3336 283 3406 τούτῳ
301 3335 325 3388 Β
349 3352 418 3389 corr.
438 3336 561 3390 Sintenis
585 3337 644 3392 Em.
667 3339 747 3394 Dion.
768 3339 859 3395 11127
885 3341 955 3396 duee
974 3343 1089 3402 Reiskio

83 3418 114 3464 24
133 3407 190 3464 ὑοοι
208 3406 245 3475 δή
266 3403 405 3474 ἐγνώκατε
425 3423 447 3461 c.
462 3406 565 3460 Raeiske
