2538 3884
153 173 218 238 298
574 127 778 223 -ο-1

110 378 114 385 -
153 333 262 419 μένων
292 333 463 415 ἁπάντων,
490 331 546 398 καὶ
573 334 617 416 μὴ
646 332 682 396 ἐκ
709 334 883 418 διαδοχῆς,
911 331 1004 398 ἀλλὰ.
1024 344 1170 418 συνεχῶς

117 443 374 525 2ταλαιπωρεῑν
403 436 692 523 ὑποστησομένων.
742 437 975 523 ἀδημονούσης
1005 436 1036 504 δ’
1067 439 1170 522 αὐτῆς

154 545 204 612 ἐπ’
229 544 428 632 ἀμφοτέροις
454 545 583 620 τούτοις
610 543 872 627 συγκαλέσαντες
899 546 934 610 οί
957 545 1020 611 δύο
1045 547 1168 629 Φάβιοι

154 657 232 731 τοὺς
259 653 453 738 μετέχοντας
480 660 540 716 τοῦ
567 648 730 734 σφετέρου
758 650 877 734 γένους
903 649 959 716 καὶ
986 653 1170 734 βουλευσά-

127 779 249 845 ῡμενοι
272 757 346 848 μετ’Ι
364 759 474 824 αὐτῶν
497 753 681 841 ὑπέσχοντο
700 764 738 841 τῇ
757 760 863 841 βουλῇ
881 767 979 822 τοῦτο
999 758 1037 822 τὸ
1058 758 1168 823 κινδύ-

153 889 259 950 νευμα
282 862 376 930 αὐτοὶ
398 865 473 948 περὶ
496 862 630 927 πάντων
654 859 783 938 ἑκόντες
805 862 1002 946 ὑπομενεῖν,
1029 863 1170 940 πελάτας

153 995 188 1038 τε
211 974 289 1048 τοὺς
313 968 439 1035 ἑαυτῶν
463 968 659 1052 ἐπαγόμενοι
683 966 738 1032 καὶ
761 972 881 1053 φίλους
902 966 958 1033 καὶ
975 968 1087 1034 τέλεσι
1104 983 1171 1046 τοῖς

156 1080 269 1159 ἰδίοις,
293 1076 374 1141 ὅσον
397 1074 439 1141 ἀν
461 1077 585 1160 χρόνον
609 1074 628 1140 ὑ
651 1077 793 1159 πόλεμος
816 1077 972 1161 διαμένη,
985 1080 1171 1161 ,στρατευό-

121 1187 258 1269 3μενοι.
305 1179 520 1265 ἀγασθέντων
548 1178 579 1244 δ’
608 1181 729 1257 αὑτοὺς
751 1179 907 1246 ἁπάντων
929 1191 989 1248 τού
1013 1186 1170 1265 γενναίου

117 1309 143 1348 10
156 1299 212 1373 τῆς
239 1292 430 1373 προθυμίας
456 1285 511 1352 καὶ
539 1289 575 1352 τὸ
603 1297 702 1352 νικᾶν
724 1285 801 1371 παρ’
828 1287 866 1352 ἓν
887 1297 986 1353 τοῦτο
1009 1290 1049 1353 τὸ
1073 1291 1170 1373 ἔργον

155 1394 353 1482 τιθεμένων,
371 1391 496 1460 κλεινοὶ
514 1391 569 1458 καὶ
587 1396 778 1477 περιβόητοι
796 1390 873 1458 καθ’
892 1393 974 1478 ὅλην
992 1395 1056 1478 τὴν
1074 1399 1170 1462 πόλιν

156 1506 251 1580 ὄντες
281 1499 417 1588 ἐξῄεσαν
447 1500 670 1584 ἀναλαβόντες
698 1501 738 1564 τὰ
768 1499 853 1564 ὅπλα
883 1503 948 1565 σύν
977 1501 1092 1586 εὐχαῖς
1118 1500 1172 1566 καὶ
1250 1551 1251 1588 ÷

156 1614 297 1686 θυσίαις.
344 1608 456 1690 ἡγεῖτο
479 1603 509 1671 δ’
533 1607 643 1671 αὐτῶν
666 1606 806 1689 Μάρκος
830 1606 957 1690 Φάβιος
979 1606 998 1672 ὑ
1022 1617 1068 1694 τῷ
1091 1630 1172 1692 παρ-
1250 1591 1251 1676 ί

157 1718 292 1780 ελθόντι
323 1714 509 1789 ὑπατεύσας
536 1715 600 1777 ἔτει
628 1710 682 1777 καὶ
712 1714 848 1794 νικήσας
874 1715 951 1789 τοὺς
979 1716 1173 1799 Τυρρηνούς

119 1837 144 1877 1⁶
158 1829 196 1905 τῇ
225 1820 327 1906 μάχη,
353 1821 632 1903 τετρακισχιλίους
655 1818 796 1902 μάλιστα
818 1817 1036 1904 ἐπαγόμενος,
1065 1813 1114 1884 ὧν
1137 1823 1172 1886 τὸ

158 1925 219 2012 μὲν
248 1931 364 1992 πλεῖον
393 1930 543 1990 πελατῶν
573 1948 607 1989 τε
636 1922 691 1989 καὶ
722 1922 863 2011 ἑταίρων
890 1920 950 2009 ἦν,
979 1925 1016 1991 ἐκ
1046 1924 1085 1990 δέ
1114 1936 1173 1992 τοῦ

160 2037 299 2119 Φαβίων
327 2029 445 2116 γένους
472 2030 505 2110 ἓξ
532 2029 588 2096 καὶ
614 2033 798 2117 τριακόσιοι
826 2033 954 2117 ἀνδρες.
999 2033 1110 2098 εἵπετο
1140 2029 1230 2098 δίιει

158 2141 271 2217 αὐτοῖς
288 2137 356 2224 μετ’
375 2139 416 2205 ού
434 2136 593 2204 πολὺκαὶ
612 2134 813 2222 ἡῬωμαίων
832 2139 985 2222 δύναμις,
1003 2133 1043 2222 ὑς
1060 2139 1174 2223 ἡγεῖτο

123 2247 297 2313 4Καίσων
322 2247 449 2331 Φάβιος
477 2245 496 2311 ὑ
523 2243 633 2330 ἕτερος
658 2254 724 2310 τῶν
747 2244 891 2310 ὑπάτων.
936 2247 1114 2328 γενόμενοι
1138 2241 1175 2310 δὲ

119 2369 146 2410 ³⁰
159 2363 310 2438 ποταμοῦ
333 2351 504 2438 Κρεμέρας
518 2355 679 2435 πλησίον,
705 2351 741 2428 ὃς
763 2352 806 2418 ού
828 2352 958 2436 μακρὰν
981 2349 1095 2435 ἀπέχει
1119 2361 1177 2435 τῆς

162 2461 375 2547 Οὐιεντανῶν
401 2463 543 2543 πόλεως,
570 2454 654 2544 ὑπὲρ
683 2459 790 2543 ὄχθου
814 2458 904 2534 τινὸς
927 2455 1098 2540 ἀποτόμου
1122 2455 1178 2522 καλ

159 2578 365 2652 περιρρῶγος
384 2566 581 2651 ἐπετείχιζον
600 2565 713 2642 αὐτοῖς
730 2563 895 2650 φρούριον
915 2563 1031 2628 ἱκανὸν
1050 2565 1179 2647 φυλάτ-
1249 2591 1250 2654 η

159 2679 278 2737 τεσθαι
308 2673 450 2758 τοσαύτη
482 2681 618 2757 στρατιᾷ
643 2671 790 2755 τάφρους
816 2664 844 2734 τ’
874 2668 1073 2755 ὀρυξάμενοι
1100 2667 1177 2752 περὶ

161 2777 241 2841 αὐτὸ
261 2779 379 2852 διπλᾶς
395 2775 451 2841 καὶ
470 2778 617 2860 πύργους
637 2775 820 2859 ἐγείραντες
838 2776 997 2851 πυκνούς·
1016 2773 1071 2839 καὶ
1092 2775 1178 2840 ὠνο-

121 2897 148 2938 25
162 2882 275 2967 μάσθη
300 2883 337 2945 τὸ
361 2883 527 2966 φρούριον
547 2878 599 2944 ἐπὶ
617 2891 678 2946 τοῦ
696 2891 845 2965 ποταμοῦ
864 2880 1025 2968 Κρεμέρα.
1063 2872 1118 2946 οἶα
1141 2878 1179 2945 δὲ

161 2992 373 3074 πολυχειρίας
387 2984 415 3052 τ’
429 2984 647 3080 ἐργαζομένης
659 2985 715 3051 καὶ
730 2987 859 3053 ὑπάτου
872 2987 1178 3071 συλλαμβάνοντος,

125 3103 285 3168 ὑθᾶττον
314 3093 335 3178 ἢ
365 3095 447 3159 κατὰ
480 3092 582 3177 δόξαν
610 3091 765 3178 ἐτελέσθη
793 3096 831 3159 τὸ
859 3096 966 3177 ἔργον.
1011 3091 1066 3157 καὶ
1095 3095 1179 3178 μετὰ

232 3289 320 3345 βδύο
339 3287 447 3342 τάδΒ
535 3284 722 3356 6ὑπομένειν
741 3284 793 3339 Ac
880 3291 914 3339 14
932 3280 1043 3354 ἐνίκησε
1063 3284 1085 3339 0
1106 3300 1178 3340 τοτε.

161 3362 284 3431 Sylburg
366 3364 398 3413 16
418 3353 560 3428 ἕτέρωνΒ
644 3363 676 3412 18
699 3351 733 3423 ἧς
751 3373 804 3410 om.
824 3356 870 3410 Ba
950 3362 985 3410 20
1004 3355 1178 3428 ΚρεμέραΟ

161 3430 283 3486 correxit
301 3432 401 3484 Portus
474 3435 508 3484 2³
527 3429 666 3498 τοσαύτην
685 3426 816 3497 στρατιάν
836 3432 859 3482 Α
