2508 3882
488 235 656 284 -Η-
1013 229 1077 295 25ί

73 388 216 474 ἁρπαγὰς
236 395 439 476 τραπόμενοι
456 395 494 458 τὸ
519 392 556 458 ἐν
573 396 686 482 κόσμῳ
704 415 740 459 τε
761 389 817 458 καὶ
839 392 928 472 τάξει
950 393 1081 478 ὑποχω-

19 507 137 580 ιιιερείν
159 495 394 583 ἀφῃρέθησαν·
418 494 473 562 καὶ
497 497 560 582 γὰρ
579 495 678 582 (καὶ)
697 492 790 564 οὗτοι
813 496 1080 584 καταληφθέντες

72 601 129 668 ὑπὸ
157 613 227 668 τῶν
258 606 426 687 πολεμίων
456 604 492 668 οί
517 599 579 688 μὲν
610 602 811 688 ἐσφάγησαν,
841 604 877 669 οί
901 601 932 668 δ’
964 605 1080 690 αίχμά-

72 713 163 773 λωτοι
191 707 400 794 ἐλήφθησαν.
446 709 521 775 ὅσοι
553 705 590 774 δέ
623 710 750 774 τούτων
777 732 812 774 τε
840 706 895 774 καὶ
921 720 988 775 τῶν
1015 709 1080 775 ἀπὸ

72 823 124 879 τοῦ
147 817 251 901 ’όρους
273 811 537 902 ἀπαραχθέντων
566 815 794 900 διεσώθησαν,
821 810 883 893 ὀψὲ
909 823 967 899 τῆς
994 815 1081 897 ὥρας
1108 839 1121 880 ε

71 930 131 984 τῶν
153 919 283 988 ἱππέων
306 922 419 998 αὐτοῖς
441 921 751 1006 ἐπιβοηθησάντων,
773 920 927 1004 ἀπῆλθον
950 918 1003 987 ἐπὶ
1021 922 1081 986 τὸν

72 1026 199 1112 χάρακα.
246 1027 355 1094 ἐδόκει
385 1026 413 1093 τ’
440 1028 553 1104 αὐτοῖς
583 1025 810 1112 συλλαβέσθαι
838 1036 899 1092 τοῦ
926 1027 970 1111 μὴ
999 1042 1081 1091 πασ·

73 1130 141 1196 συδὶ
164 1134 401 1220 διαφθαρῆναι
424 1135 547 1220 χειμὼν
570 1136 674 1210 πολὺς
693 1132 726 1212 ἐξ
750 1134 897 1219 ούρανοῦ
920 1156 1081 1218 καταρρα-

73 1235 134 1318 γεὶς
154 1236 211 1304 καὶ
236 1242 369 1323 σκότος,
397 1231 471 1306 οἷον
494 1238 532 1305 ἐν
553 1251 625 1316 ταῖς
647 1241 800 1324 βαθείαις
823 1239 972 1324 ὁμίχλαις
995 1242 1082 1322 γίνε-

74 1367 135 1427 ται,
164 1345 182 1410 ὃ
210 1357 283 1422 τοῖς
311 1349 483 1430 πολεμίοις
510 1347 611 1411 ὄκνον
638 1355 696 1429 τῆς
723 1343 776 1410 ἐπὶ
804 1343 907 1411 πλέον
939 1345 1082 1422 διώξεως
1097 1369 1124 1410 ιο

75 1449 230 1536 παρέσχεν
259 1451 300 1518 οὐ
329 1451 530 1536 δυναμένοις
559 1453 600 1516 τὰ
628 1454 741 1536 πόρρω
768 1457 929 1536 καθορᾶν.
979 1459 1018 1533 τῇ
1046 1447 1118 1522 δ’4

78 1552 206 1644 ἐπιούσῃ
226 1555 323 1623 νυκτί
342 1557 529 1641 ἀναστήσας
545 1558 608 1641 τὴν
627 1558 784 1642 στρατιὰν
803 1557 821 1622 ὁ
839 1556 963 1632 ὕπατος
978 1553 1083 1637 ἀπῆγε

77 1670 143 1745 σιγῇ
169 1661 227 1728 καὶ
252 1663 289 1728 ἐν
312 1666 442 1751 κόσμῳ,
469 1668 589 1728 λαθεῖν
617 1663 695 1737 τούς
721 1664 899 1745 πολεμίους
920 1661 1084 1745 προνοού-

79 1788 180 1847 μενος·
214 1766 273 1834 καὶ
306 1766 642 1854 κατεστρατοπέδευσε
677 1768 766 1853 παρὰ
796 1769 891 1832 πόλει
922 1764 1083 1852 λεγομένη

78 1875 224 1962 Λογγόλᾳ
253 1872 330 1960 περί
358 1876 473 1959 δείλην
495 1874 614 1958 ὀψίαν,
640 1875 790 1957 γήλοφον
814 1874 930 1941 ίκανὸν
954 1871 1084 1960 ἐρύκειν
1099 1898 1124 1939 ιι

80 1982 146 2056 τοὺς
172 1979 328 2057 ἐπιόντας
356 1978 577 2064 ἐκλεξάμενος.
629 1980 713 2044 ἔνθα
740 1979 917 2063 ὑπομένων
944 1980 1022 2055 τούς
1050 2001 1084 2044 τε

80 2083 135 2150 ὑπὸ
160 2087 361 2172 τραυμάτων
387 2087 573 2170 κάμνοντας
600 2084 758 2150 ἀνεκτᾶτο
789 2086 998 2169 θεραπείαις,
1030 2082 1085 2148 καὶ

81 2192 147 2266 τοὺς
172 2190 427 2276 ἀδημονοῦντας
454 2189 507 2256 ἐπὶ
536 2199 576 2276 τῇ
598 2189 775 2278 παραδόξῳ
798 2198 859 2255 τοῦ
881 2189 1013 2265 πάθους
1035 2191 1085 2253 αί-

83 2297 174 2382 σχύνη
197 2299 504 2383 παραμυθούμενος
525 2296 742 2380 ἀνελάμβανε.

35 2409 81 2460 1717
137 2403 319 2470 LXXXVI.
342 2401 497 2487 Ῥωμαῖοι
515 2399 577 2488 μὲν
593 2397 657 2469 οὖν
674 2401 712 2467 ἐν
729 2401 860 2476 τούτοις
877 2394 978 2482 ἦσαν·
999 2401 1085 2467 Οὐο-
1099 2427 1126 2467 εο

84 2509 206 2577 λοῦσκοι
231 2508 277 2594 δ’,
301 2509 413 2592 ἐπειδὴ
434 2507 537 2595 ἡμέρα
557 2506 587 2573 τ’
611 2504 815 2591 ἐγένετοκαὶ
838 2508 989 2588 ἔγνωσαν
1007 2509 1085 2584 τοὺς

84 2618 249 2699 πολεμίους
269 2615 498 2692 ἐκλελοιπότας
515 2617 575 2680 τὸν
591 2614 730 2699 χάρακα,
749 2614 993 2697 προσελθόντες
1011 2635 1086 2677 κατ-

86 2720 385 2806 εστρατοπέδευσαν.
422 2721 662 2794 σκυλεύσαντες
683 2714 719 2783 δὲ
737 2720 816 2794 τοὺς
833 2729 900 2782 τῶν
919 2723 1087 2802 πολεμίων

86 2831 210 2911 νεκροὺς
229 2826 286 2893 καὶ
304 2829 382 2902 τοὺς
399 2826 595 2909 ἡμιθνῆτας,
618 2817 669 2902 οἷς
688 2827 904 2907 σωθήσεσθαι
923 2823 1015 2902 ἐλπὶς
1033 2820 1088 2909 ἦν,

88 2925 268 3017 ἀνελόμενοι
296 2932 402 3016 ταφάς
433 2954 466 2995 τε
495 2931 712 3015 ποιησάμενοι
741 2941 810 2995 τῶν
837 2928 1008 3016 σφετέρων
1035 2953 1088 2995 νε-
1102 2954 1129 2994 ιε

148 3130 160 3177 1
179 3126 337 3194 ὑποχωρεῖν
356 3121 406 3176 ΑΟ
425 3121 582 3192 ἀποχωρεῖν
601 3121 623 3174 Β
705 3129 721 3175 2
741 3120 789 3175 καὶ
807 3120 861 3190 γὰρ
879 3120 929 3174 καὶ
948 3115 1025 3175 ούτοι
1043 3118 1089 3173 vel

90 3190 126 3243 καὶ
144 3190 220 3250 οὗτοι
238 3194 291 3265 γὰρ
312 3211 334 3249 ο.
355 3193 477 3264 Sylburg
495 3191 614 3262 καὶγὰρ
634 3187 712 3247 ούτοι
732 3191 754 3246 0
836 3197 854 3244 4
873 3189 934 3244 ὅσοι
953 3189 984 3244 δὲ
1004 3205 1090 3257 supra,

89 3255 129 3316 fin.
145 3263 188 3319 Bb
215 3270 219 3334 Ι
246 3266 302 3320 ὑπὸ
320 3263 472 3334 τούύρους
490 3264 512 3316 Β
532 3263 582 3317 sed
601 3263 636 3317 cf.
656 3263 742 3317 Thuc.
761 3261 822 3328 VII,
838 3267 871 3316 63
946 3258 1091 3346 8δκα>-

92 3334 272 3404 φθαρῆναιΒ
368 3339 402 3388 13
426 3332 574 3407 <σι>γῇΒ
671 3340 705 3387 14
727 3332 806 3403 παρὰ
829 3330 912 3386 πόλιν
935 3335 1089 3400 λεγομενην

91 3401 287 3525 ίεχογγέλανΔ
376 3412 410 3460 21
430 3403 456 3459 τ’
478 3404 585 3460 adm
675 3410 709 3458 22
728 3400 934 3473 προσελθόντες
953 3401 998 3456 Ba
1021 3421 1092 3471 προ-

94 3486 103 3520 ἓ
136 3474 208 3540 ύντες
225 3478 251 3530 R
1216 3487 1220 3498 ¹

136 3572 228 3617 onm.
242 3578 305 3617 Ηιπ.
315 3576 360 3616 ΠΙ.
389 3585 427 3615 nn.
442 3575 544 3615 θευοεε.
897 3566 929 3616 17
