2508 3882
97 168 224 232 ’286
582 165 749 218 -Θ-

159 331 251 416 μόνφ
275 325 476 410 δυνηθέντες
499 325 542 392 άν
564 328 647 412 πρὸς
668 327 726 402 τάς
748 324 906 412 ἡμετέρας
919 329 1047 409 τόλμας
1063 348 1095 390 τε
1117 323 1174 390 καλ

160 433 327 518 ἐμπειρίας
356 429 514 518 ἀντέχειν,
533 432 770 516 ἀπεστερήκασι
797 440 855 515 τῆς
880 435 986 516 μόνης
1013 431 1174 516 ὠφελείας

160 536 298 615 ἑαυτοὺς
320 538 595 614 ἀπαναλώσαντες
616 540 655 603 τὸ
673 543 789 603 πλείου
806 546 865 622 τῆς
883 538 1055 622 δυνάμεως
1074 535 1174 623 μέρος

125 645 206 722 8είς
232 645 289 722 τάς
315 655 383 710 τῶν
411 648 586 731 φρουρίων
612 644 771 728 φυλακάς.
817 646 928 710 ἔπειτα
951 643 1030 709 δέον
1053 645 1174 719 αὑτοὺς

132 753 223 816 εσὺν
251 751 405 837 εὐλαβείᾳ
432 749 487 816 καὶ
514 756 661 837 λογισμῷ
690 751 841 837 σώφρονι
863 751 1019 836 πράττειν
1042 749 1173 831 ἕκαστα,

161 855 445 941 ἐνθυμουμένους,
468 859 551 942 πρὸς
574 857 667 933 οίους
689 857 814 942 ἀνδρας
838 859 907 938 [καὶ
926 859 1011 922 πολὺ
1031 855 1172 939 ἀλκιμω-

159 961 276 1048 τέρους
298 963 422 1043 αὐτῶν]
452 962 470 1029 ὑ
493 963 651 1038 κίνδυνος
674 964 780 1046 ἔσται,
807 961 961 1049 θρασέως
983 960 1038 1028 καὶ
1062 961 1173 1048 ἀπερι-

161 1066 305 1144 σκέπτως
328 1066 381 1133 έπλ
398 1070 458 1133 τὸν
477 1067 590 1151 ἀγῶνα
608 1077 787 1153 χωροῦσιν,
810 1069 855 1145 ὡς
873 1069 997 1154 άμαχοί
1011 1090 1102 1143 τινες
1119 1064 1174 1130 καὶ

160 1173 204 1249 ὡς
221 1171 315 1256 ἡμῶν
333 1177 630 1258 καταπεπληγότων
648 1173 778 1252 αὐτούς.
810 1175 849 1239 αί
863 1184 947 1258 γοῦν
966 1173 1174 1258 ἀποταφρεύ-

121 1301 147 1340 ιο
161 1295 229 1354 σεις
250 1281 306 1343 καὶ
329 1280 366 1343 αί
386 1277 481 1366 μέχρι
503 1290 563 1346 τοῦ
586 1280 728 1365 χάρακος
750 1279 844 1364 ἡμῶν
862 1282 1102 1356 καθιππεύσεις
1118 1276 1173 1344 καὶ

160 1386 200 1450 τά
222 1386 328 1452 πολλά
352 1385 388 1450 όν
411 1388 524 1468 λόγοις
541 1408 575 1450 τε
594 1383 649 1450 καὶ
667 1389 777 1470 ἔργοις
793 1386 979 1473 ὑβρίσματα
997 1395 1097 1451 τοῦτο
1116 1385 1173 1448 δό-

125 1495 265 1558 9ναται.
310 1492 412 1557 ταῦτά
440 1515 474 1556 τε
498 1491 540 1574 δὴ
564 1489 811 1575 ἐνθυμούμενοι
833 1491 888 1556 καὶ
911 1503 979 1558 τῶν
1001 1489 1236 1577 προτέρωνιιοι

161 1595 300 1678 ἀγώνων
324 1597 526 1682 μεμνημένοι
548 1602 682 1663 πολλῶν
706 1599 814 1662 όντων
835 1597 891 1663 καὶ
913 1602 1036 1680 καλῶν,
1062 1597 1099 1662 έν
1122 1588 1173 1673 οἷς

161 1701 282 1778 αὑτοὺς
305 1701 443 1786 ἐνικᾶτε,
466 1714 600 1789 χωρεῖτε
622 1705 703 1788 μετὰ
721 1706 911 1789 προθυμίας
929 1703 984 1770 καὶ
1002 1702 1056 1768 ἐπὶ
1074 1705 1172 1768 τόνδε

121 1827 146 1866 ιι
161 1807 219 1870 τὸν
242 1805 367 1902 ἀγῶνα·
391 1806 446 1874 καὶ
469 1809 506 1875 έν
529 1790 555 1897 ςὺ
580 1808 622 1874 ἀν
644 1810 740 1893 ὑμῶν
762 1809 898 1902 ἕκαστος
919 1815 1029 1899 χωρίφ
1052 1815 1174 1894 ταχθῇ,

161 1908 256 1977 τοῦθ’
284 1912 476 1997 ὑπολαβέτω
504 1913 561 1980 καὶ
583 1911 678 1981 οἶκον
700 1910 786 1981 εἶναι
808 1914 865 1981 καὶ
887 1920 1011 2003 κλῆρον
1034 1913 1090 1980 καὶ
1113 1936 1174 1979 πα-

161 2019 270 2103 τρίδα·
298 2016 354 2083 καὶ
378 2019 454 2085 ὅτε
481 2023 594 2099 σώζων
622 2023 682 2086 τὸν
709 2022 921 2107 παραστάτην
945 2019 1049 2108 ἑαυτῷ
1072 2021 1175 2106 πράτ-

49 2165 62 2184 .
160 2147 229 2189 τειν
251 2125 312 2208 την
336 2131 501 2210 σωτηρίαν
523 2125 729 2210 ὑπολαβέτω,
751 2126 846 2214 καλό
870 2127 1096 2211 ἐγκαταλιπὼν
1114 2129 1174 2191 τὸν

161 2229 261 2308 πέλας
284 2228 402 2298 ἑαυτὸν
425 2232 578 2316 ἡγείσθω,
594 2243 665 2310 τοῖς
682 2237 852 2317 πολεμίοις
869 2234 1076 2320 προδιδόναι.
1115 2232 1176 2316 μά-

123 2354 149 2394 εο
163 2341 258 2401 λιστα
277 2334 308 2400 δ’
326 2336 433 2403 έκεῖνο
452 2345 641 2422 μεμνῆσθαι
659 2348 837 2424 προσῆκεν,
854 2339 906 2403 ότι
924 2342 1095 2422 μενόντων
1115 2333 1177 2420 μεν

161 2441 296 2529 ἀνδρῶν
320 2441 377 2508 καί
398 2441 596 2529 μαχομένων
618 2444 734 2526 ὀλάγον
756 2445 794 2508 τὸ
818 2441 1049 2528 ἀπολλύμενόν
1072 2441 1177 2524 ἐστιν,

162 2546 386 2630 ἐγκλινάντων
418 2546 456 2614 δὲ
487 2547 541 2614 καὶ
571 2552 766 2634 φευγόντων
792 2551 913 2634 κομιδῇ
941 2550 1047 2632 βραχὺ
1074 2533 1178 2625 σωζό-

162 2676 273 2734 μενον.

228 2757 267 2820 Χ.
289 2757 360 2822 Ἔτι
385 2755 414 2822 δ’
439 2759 542 2824 αὑτοῦ
565 2757 719 2841 λέγοντος
741 2761 781 2825 τό
798 2761 847 2836 είς
864 2760 901 2824 τὸ
921 2769 1077 2842 γενναῖον
1097 2757 1238 2824 ἐπα-1763

235 2989 250 3035 6
274 2982 344 3034 πολὺ
363 2997 417 3034 om.
438 2981 460 3035 Ο
479 2984 591 3050 praeter
610 2982 633 3035 B
656 2985 705 3038 καὶ
723 2986 794 3039 πολὺ
813 3001 866 3038 om.
887 2983 906 3037 C
925 2985 1012 3039 verba
1034 2983 1083 3036 καί
1102 2983 1174 3036 πολὺ

163 3049 366 3122 ἀλκιμωτέρους
383 3053 475 3106 αὑτῶν
498 3052 553 3107 del.
573 3052 673 3108 (δαεῖεν
697 3053 762 3110 obs.
785 3073 812 3123 p.
832 3062 865 3110 33
974 3060 990 3107 8
1014 3052 1119 3123 ἄμαχοι
1137 3055 1173 3119 δή

56 3159 58 3164 -
162 3143 236 3186 τινες
259 3122 281 3178 0
304 3122 458 3191 φτεεὺετΒ
531 3123 879 3198 9όιτο<ταφρεὺσ>ειςΒ
953 3131 984 3177 11
1009 3121 1100 3192 ἔργοις
1119 3141 1172 3178 om.

163 3196 253 3264 Αιτε
272 3194 367 3253 οω.Β
427 3201 460 3248 13
481 3193 569 3248 όντων
587 3197 803 3264 οω.Α1νοιὺε
820 3195 942 3250 καὶτῶν
961 3215 1007 3264 πρ.
1022 3195 1049 3249 ά.
1069 3213 1175 3264 μεμνη

162 3264 380 3334 μένοιουι.Βιι
440 3263 645 3331 17ὑτισάζων
665 3265 907 3335 Βεόγεσ.ΑΟ
969 3264 1175 3320 18ὑοω.Βα
1243 3287 1244 3334 1

163 3343 197 3390 20
220 3338 405 3406 προσῆκενΑ
428 3335 563 3406 προσήκει
581 3336 607 3390 R
703 3343 736 3391 21
761 3338 886 3408 ἀνδρῶν]
905 3337 1041 3406 ἀνδρείως
1058 3335 1106 3390 vel
1124 3336 1175 3388 ἀν-
1243 3335 1244 3404 λ

163 3408 276 3474 δρωδῶς
294 3424 317 3462 υ.
336 3407 439 3460 Reiske
1243 3405 1244 3432 λ
