2538 3884
142 239 209 306 374
565 240 733 293 -Θ-

143 403 319 488 διήρπασε,
342 401 382 467 τά
405 398 435 466 δ’
464 399 626 488 ἐλεύθερα
649 402 799 488 σώματα,
823 401 928 468 ὁπόσα
950 403 995 487 μῆ
1021 402 1039 468 ὁ
1063 405 1162 468 πόλε-

142 532 203 594 μος
222 509 310 594 ἐφθη
330 505 592 594 διειργασμένος,
611 505 664 573 ἐπὶ
682 509 720 573 τὸ
740 510 1000 594 λαφυροπώλιον
1014 507 1160 595 ἀπήχθη.

143 614 340 701 ἐλήφθησαν
363 610 400 679 δὲ
423 612 478 680 καὶ
501 623 580 698 νῆες
601 624 669 680 τῶν
686 611 867 680 Ἀντιατῶν
889 603 994 681 εἰκοσι
1017 614 1074 681 καὶ
1097 617 1160 682 δύο

107 718 265 808 6μακραλ
287 719 343 787 καὶ
365 722 449 787 ἄλλα
470 732 558 787 νεῶν
580 721 665 787 ὅπλα
688 743 723 786 τε
745 718 801 786 καὶ
823 725 1039 807 παρασκευαί.
1079 723 1223 806 μετάιεοο

114 837 244 895 οταῦτα
271 828 488 904 κελεύσαντος
515 835 575 892 τοῦ
602 826 731 892 ὑπάτου
759 827 816 904 τάς
843 824 871 892 τ’
898 829 1004 905 οἰκίας
1028 827 1159 912 ἐνεπίμ-

141 950 273 1021 πρασαν
300 934 337 999 οί
356 931 509 1019 Ῥωμαῖοι
532 931 587 998 καὶ
609 936 689 1011 τοὺς
710 935 912 1012 νεωσοίκους
933 931 1161 1000 κατέσκαπτον

141 1039 196 1106 καὶ
223 1043 260 1107 τὸ
288 1051 394 1126 τεῖχος
420 1041 558 1125 ῆρειπον
581 1037 617 1105 ἐκ
639 1042 819 1125 θεμελίων·
848 1041 932 1106 ὥστε
954 1037 1031 1125 μηδ’
1060 1039 1161 1106 άπελ-

140 1149 276 1211 θύντων
308 1155 404 1232 σφῶν
435 1147 579 1232 χρηστὸν
611 1147 659 1210 ἐτι
691 1155 761 1222 τοῖς
786 1141 970 1223 Ἀντιάταις
1001 1141 1092 1212 εἶναι
1124 1148 1162 1212 τὸ

142 1253 317 1339 φρούριον.
363 1253 465 1318 ταῦτά
491 1274 527 1317 τε
555 1253 596 1336 θῆ
624 1251 774 1340 ἐπράχθη
801 1251 903 1339 χωρὶς
926 1250 1069 1342 ἑκατέρφ
1091 1264 1161 1318 τῶν

103 1377 130 1416 10
142 1359 293 1444 ὑπάτων,
320 1357 375 1424 καὶ
403 1355 602 1444 ἀμφοτέροις
629 1361 677 1424 ἔτι
703 1360 800 1444 κοινῆ
828 1362 981 1444 στρατεία
1007 1369 1078 1437 τοίς
1101 1359 1161 1425 άν-

143 1466 264 1553 θράσιν
292 1464 345 1532 ἐπὶ
367 1467 428 1551 τῆν
452 1468 611 1549 Σαβίνων
638 1473 718 1550 γῆν,
747 1463 790 1549 ῆν
818 1465 1006 1552 δῃώσαντες
1029 1465 1162 1550 ἀπῆγον

143 1570 193 1639 ἐπ’
216 1579 312 1640 οίκου
334 1572 395 1656 τῆν
418 1573 573 1657 δύναμιν,
596 1570 652 1637 καὶ
675 1571 693 1637 ὁ
713 1569 863 1650 ἐνιαυτὸς
881 1567 979 1648 οὗτος
997 1571 1161 1639 ἐτελεύτα.

208 1677 312 1744 Lvss.
345 1682 398 1766 Τῷ
422 1673 453 1742 θ’
476 1675 550 1761 ἑξῆς
572 1679 635 1742 ἐτει
654 1676 803 1761 <Τίτου>
822 1681 984 1744 Κοιντίου
1003 1682 1161 1745 Καπετω-

141 1789 238 1850 λίνου
270 1782 325 1849 καλ
353 1785 499 1850 Κοίντον
528 1787 730 1869 Σερουιλίου
756 1787 910 1870 Πρίσκου
941 1785 1003 1869 τῆν
1031 1784 1160 1852 ύτιατον

102 1905 128 1947 15
142 1889 247 1977 ἀρχὴν
279 1893 533 1977 παρειληφότων
566 1891 587 1973 ἥ
619 1887 649 1956 τ’
684 1892 788 1956 οίκεία
820 1892 961 1976 δύναμις
985 1888 1160 1977 Ῥωμαίων

141 1998 251 2063 ἅπασα
279 1993 316 2064 ἐν
342 2005 412 2073 τοῖς
439 1996 553 2075 ὅπλοις
571 1991 639 2082 ῆν,
664 1994 721 2062 καὶ
749 1998 789 2062 τὰ
812 1999 1000 2084 συμμαχικὰ
1024 1996 1156 2064 ἑκούσια

140 2111 261 2191 παρῆν,
284 2101 364 2185 πρὶν
387 2102 632 2188 ἐπαγγελθῆναι
651 2103 766 2180 αὐτοῖς
783 2107 965 2189 στρατείαν.
1001 2103 1059 2170 καὶ
1077 2106 1219 2191 μετὰιεοι
1259 2187 1260 2190 ¹

142 2206 229 2276 τοῦτ’
257 2209 355 2294 εὐχάς
382 2233 416 2275 τε
443 2210 661 2295 ποιησάμενοι
688 2220 758 2286 τοῖς
783 2216 878 2287 θεοῖς
905 2211 940 2276 os
959 2209 1082 2276 ύπατοι
1104 2209 1157 2276 καὶ

29 2333 33 2340 ·
141 2318 349 2401 καθῆραντες
375 2319 434 2383 τὸν
463 2318 604 2402 στρατὸν
632 2312 769 2402 ἐξῄεσαν
793 2314 847 2382 ἐπὶ
870 2319 947 2394 τοὺς
968 2321 1155 2402 πολεμίους.

101 2398 285 2512 ,ΞΣαβῑνοι
308 2419 370 2507 μέν
393 2418 471 2508 οὖν,
499 2417 552 2509 ἐφ’
578 2423 637 2500 οὓς
659 2423 677 2489 ὁ
701 2425 898 2508 Σερουίλιος
919 2425 1061 2507 ῆλασευ,
1085 2421 1153 2490 οὔτ’

142 2530 190 2605 είς
212 2529 320 2614 μάχην
342 2529 544 2614 κατέστησαν
568 2526 639 2595 οὔτ’
661 2527 806 2612 ἐξῆλθον
829 2530 877 2606 είς
894 2529 955 2613 τῆν
973 2530 1156 2616 ὕπαιθρον·

142 2621 298 2719 μένοντες
321 2632 352 2700 δ’
375 2635 411 2702 ἐν
433 2647 504 2713 τοῖς
525 2637 702 2722 φρουρίοις
723 2635 896 2720 ἠνείχοντο
919 2644 980 2719 γῆς
997 2632 1025 2700 τ’
1043 2635 1157 2712 αὐτοῖς
1258 2689 1259 2702 ,

141 2738 343 2825 τεμνομένης
375 2739 432 2807 καὶ
461 2743 575 2808 οἰκιῶν
605 2739 885 2826 ἐμπιμπραμένων
914 2743 1095 2828 θεραπείας
1123 2739 1151 2806 τ’

142 2846 404 2931 αὐτομολούσης
436 2848 518 2913 ὥστε
545 2849 627 2913 κατὰ
649 2849 778 2933 πολλὴν
800 2845 972 2913 εὐπέτειαν
994 2847 1156 2914 ἀπελθεῖν

101 2982 127 3024 τε
142 2951 179 3018 ἐκ
200 2960 258 3036 τῆς
279 2954 388 3039 χώρας
410 2954 521 3020 αὐτῶν
543 2957 621 3032 τοὺς
639 2952 820 3039 Ῥωμαίους
842 2953 1018 3039 ὠφελείαις
1040 2975 1075 3019 τε
1098 2958 1157 3039 βα-

214 3146 442 3216 1θερασώμιιτα
462 3177 494 3186 -
514 3143 592 3216 ἐφθη
612 3144 702 3216 διεὶργ
725 3163 779 3201 om.
799 3147 845 3201 Βκ
863 3146 927 3201 add.
946 3145 1049 3216 Bbmg
1138 3153 1154 3201 3
1257 3139 1258 3202 ζ

141 3219 251 3294 ν<ῆ>ες
269 3219 316 3272 Bb
384 3222 400 3272 ὅ
420 3212 579 3288 ἐνέπρασαν
598 3219 643 3271 Ba
661 3213 918 3291 ἐνε<πίμ>πρασαν
936 3217 984 3271 Bb
1055 3223 1070 3273 9
1090 3210 1156 3272 ἕκα-

140 3287 605 3416 affibfflgegxffimc
634 3295 885 3428 *Kasssszgfflss
902 3287 1156 3414 gofflffiuffi

141 3371 274 3501 ἐιῗριιτάλν
294 3431 316 3484 0
336 3403 406 3486 άοιτ.
424 3377 547 3500 Βγέλιυάς
595 3377 662 3485 g21
682 3429 734 3498 τὴν
752 3446 807 3485 om.
826 3432 850 3484 A
936 3403 975 3486 23·
989 3425 1156 3502 ἐκτεμνομέ-

141 3520 192 3568 νης
211 3501 234 3554 0
252 3499 424 3570 τεμνομένης
443 3501 532 3556 Cobet
551 3499 728 3569 Obs.p.1s4
