2484 3876
172 215 237 280 146
594 217 763 266 -H-

170 373 271 461 μένης
298 379 388 454 λείας
415 376 557 460 ὁρῶντες
583 371 639 440 καὶ
660 373 743 462 ’περὶ
764 383 822 458 τῆς
839 372 1008 460 Ῥωμαίων
1030 372 1168 458 ἀτολμίας

169 481 362 566 ἀκούοντες,
396 484 431 547 οἳ
461 482 503 566 δὴ
535 477 617 558 τέως
647 480 709 565 τὴν
741 479 919 566 ἀλλοτρίαν
951 485 1169 564 λεηλατοῦντες

169 587 274 665 άδειῦς
294 592 370 655 τότε
390 589 453 671 τὴν
470 588 582 654 αὑτῶν
600 595 664 671 γῆν
681 588 854 673 ἠνείχοντο
873 584 1062 674 δῃουμένην
1080 585 1170 671 δρῦν-

168 717 233 778 τες,
255 694 443 780 αὐχήματός
464 717 499 760 τε
519 693 665 778 μεγάλου
683 691 926 778 ἐνεπίμπλαντο
946 690 1002 758 καὶ
1021 691 1058 756 έν
1075 690 1171 756 ἐλπίδι

141 795 255 884 ιῆσαν
281 800 473 886 ἡγεμονίας,
501 801 545 878 ὡς
573 801 614 884 δὴ
643 794 764 886 ῥᾴδιον
786 797 842 866 καὶ
865 797 903 865 έν
926 797 1046 887 ἑτοίμςο
1068 799 1171 881 σφίσιν

168 906 208 972 δν
238 913 419 974 καταλῦσαι
448 908 511 991 τὴν
540 917 608 972 τῶν
637 904 827 971 ἀντιπάλων
857 907 971 991 ίσχύν,
1000 906 1118 979 θυσίας
1142 923 1170 966 τε

166 1017 399 1101 χαριστηρίους
416 1024 486 1090 τοϊς
503 1017 599 1089 θεοῖς
617 1010 791 1077 ἐποιοῦντο
810 1008 865 1077 καὶ
879 1013 1016 1078 σκύλων
1029 1005 1170 1075 ἀναθέσει

166 1123 246 1196 τοὺς
266 1121 351 1197 νεὼς
372 1116 427 1185 καί
449 1119 507 1196 τάς
530 1117 653 1204 ἀγοράς
676 1116 840 1202 ἐκόσμουν
863 1115 919 1183 καὶ
937 1113 1026 1202 ἦσαν
1044 1117 1218 1190 ἄπαντεςιοιι

168 1223 205 1290 έν
232 1223 360 1311 ἑορταῖς
385 1222 441 1290 καὶ
468 1224 665 1301 εὐπαθείαις
691 1226 749 1290 τόν
776 1247 812 1290 τε
837 1224 999 1310 Μάρκιον
1026 1221 1169 1306 ἀγάμενοι

127 1357 153 1396 ιο
166 1326 222 1395 καὶ
245 1330 427 1414 ὑμνοῦντες
450 1328 632 1413 διετέλουν,
655 1331 699 1407 ὡς
721 1335 771 1413 εἴη
794 1330 835 1395 τά
857 1353 893 1396 τε
916 1328 1059 1414 πολέμια
1076 1326 1168 1391 δεινά

166 1458 262 1513 τατος
280 1436 470 1524 ἀνθρώπων
484 1433 539 1502 καὶ
554 1438 745 1522 στρατηγός,
763 1426 833 1513 οἷος
849 1437 926 1502 οὔτε
935 1434 1093 1520 Ῥωμαῖος
1105 1431 1168 1496 οῦτε

49 1591 64 1608 .,
129 1542 267 1620 2άλλος
290 1543 498 1628 [στρατηγὸς]
517 1539 687 1625 Ἑλλήνων
709 1541 730 1626 ἢ
753 1542 933 1628 βαρβάρων
956 1542 1078 1618 οὐδείς.
1118 1535 1167 1620 μά-

164 1654 260 1714 λιστα
288 1645 326 1714 δὲ
352 1657 409 1733 τῆς
435 1649 536 1733 τύχης
563 1649 667 1714 αὐτὸν
694 1647 889 1734 ἐμακάριζον
917 1650 1064 1730 ἅπαντα,
1092 1643 1168 1716 ὅσοις

165 1752 390 1840 ἐπιχειρήσειε,
412 1755 494 1820 κατά
517 1755 654 1838 γνώμην
672 1753 761 1842 αὐτῷ
780 1765 1022 1842 προχωροῦντα
1040 1753 1167 1838 ὁρῶντες
1221 1781 1222 1808 ι

124 1887 150 1928 ιι
165 1861 242 1944 δίχα
263 1862 384 1926 πόνου·
408 1857 485 1925 ὥστ’
507 1858 619 1937 οὐδεὶς
636 1856 680 1945 ἧν
697 1873 765 1927 τῶν
783 1859 928 1947 ἐχόντων
946 1863 1010 1946 τὴν
1029 1852 1167 1944 στρατεύ-

164 1983 263 2050 σιμον
280 1965 425 2050 ἡλικίαν,
444 1965 481 2044 ὃς
499 1965 739 2032 ἀπολείπεσθαι
756 1976 817 2034 τοῦ
836 1966 959 2053 ἀνδρὸς
972 1967 1080 2053 ἠξίου,
1097 1957 1166 2027 ἀλλδ

162 2073 282 2151 πάντες
309 2073 462 2159 ὥρμηντο
490 2072 638 2158 μετέχειν
664 2085 732 2139 τῶν
757 2072 911 2161 πράξεων
933 2072 990 2139 καὶ
1013 2067 1167 2156 συνῄεσαν

127 2180 208 2257 3ὡς
231 2180 334 2247 αὐτὸν
357 2177 389 2258 έξ
413 2178 540 2263 ἁπάσης
562 2182 698 2256 πόλεως.
743 2180 762 2246 δ
786 2175 822 2245 δὲ
847 2183 1046 2265 στρατηγός,
1067 2169 1166 2250 ἐπειδὴ

161 2287 223 2371 την
244 2290 438 2372 προθυμίαν
460 2297 528 2352 τῶν
548 2285 773 2352 Οὐολούσκων
795 2283 968 2372 ἐπέρρωσε
982 2283 1040 2351 κοιλ
1056 2283 1093 2350 τὸ
1109 2286 1166 2342 τῶν

120 2420 149 2459 ιο
161 2397 330 2478 πολεμίων
362 2392 520 2478 ἀνδρεῖον
553 2394 601 2469 είς
631 2393 791 2476 ταπεινὴν
821 2389 877 2458 καὶ
906 2393 1077 2478 ἄνανδρον
1101 2403 1165 2450 κατ-

161 2496 308 2564 έκλεισεν
330 2497 529 2583 ἀμηχανίαν,
552 2496 606 2564 ἐπὶ
625 2499 684 2575 τὰς
701 2498 909 2583 συμμαχίδας
926 2497 1038 2564 αὐτῶν
1055 2495 1165 2567 πόλεις,
1220 2567 1221 2572 1

160 2604 236 2670 ὅσαι
259 2607 296 2671 τὸ
315 2607 433 2671 πιστὸν
453 2606 684 2689 διεφύλαττον,
706 2600 765 2689 ἦγε
783 2606 845 2688 τὴν
864 2605 1023 2689 δύναμιν·
1046 2598 1098 2668 καὶ
1116 2592 1165 2660 αὖ·

158 2713 233 2775 τίκα
256 2708 536 2800 ἑτοιμασάμενος,
569 2712 631 2776 ὅσα
659 2713 705 2789 είς
731 2714 928 2796 πολιορκίαν
954 2712 1095 2795 χρήσιμα
1119 2694 1164 2784 ἀνι

159 2812 212 2880 ἐπὶ
248 2819 447 2900 Τολερίνους
479 2815 610 2882 ἐλαύνει
642 2826 703 2881 τοῦ
732 2820 888 2884 Λατίνων
918 2819 1028 2902 ὄντας,
1045 2819 1163 2881 ἔθνους·

117 2891 194 3006 ,4,οί
218 2915 255 2985 δὲ
283 2924 455 3005 Τολερῖνοι
477 2923 542 3007 πρὸ
565 2926 692 2990 πολλοῦ
713 2923 1043 3008 παρασκευασάμενοι
1065 2919 1103 2986 τδ
1122 2913 1162 2986 εἰς

158 3026 262 3112 <τὸν>
290 3028 437 3110 πόλεμον
468 3023 523 3091 καὶ
552 3027 594 3091 τά
623 3026 659 3092 έκ
687 3037 745 3110 τῆς
773 3030 882 3115 χώρας
911 3031 960 3107 είς
986 3031 1049 3114 τὴν
1074 3022 1213 3092 πόλιν1ο38

157 3134 429 3220 συγκεκομικότες
447 3130 602 3218 ἐδέχοντο
621 3133 723 3199 αὐτὸν
742 3133 878 3201 έπιόντα
896 3133 952 3201 καὶ
969 3139 1091 3221 χρόνον
1107 3122 1160 3214 μέν

229 3325 317 3382 luvel
335 3324 431 3381 om.B
495 3325 763 3400 3<ίγ>νείχοντοΒ
826 3321 1089 3384 λένεπίπλαντοδ
1144 3320 1156 3368 7

155 3395 349 3454 ἀναθέοεσιΑ
404 3403 436 3452 12
456 3399 608 3469 στρατηγὸς
621 3397 675 3453 del.
690 3397 794 3453 Reiske
849 3405 882 3452 18
902 3398 980 3454 άπαν
993 3400 1041 3454 Aa
1057 3398 1158 3453 ἅπαντα

153 3469 203 3523 Ab
276 3475 307 3524 21
328 3468 423 3530 πόλεις
442 3469 506 3524 add.
525 3469 548 3522 Β
622 3477 656 3525 26
674 3470 724 3524 τδν
743 3470 807 3526 add.
828 3469 950 3540 Sylburg
