2496 3878
168 203 212 268 30
593 207 755 255 -z-

168 366 314 451 μεγάλην
341 367 438 452 χάριν
465 367 578 449 είδώς,
606 363 736 430 ἐκείνου
765 358 988 430 δοκώνιεάναι
1016 366 1053 431 τὸ
1082 362 1176 430 ἐνθύ-

104 477 107 483 ’
167 496 258 557 μημα
281 481 341 538 τοῦ
363 476 480 556 νόμου.

233 578 354 644 XVIII.
387 580 483 644 Μετά
505 587 604 644 τοῦτο
632 575 752 644 πολλαὶ
779 576 835 643 καὶ
862 576 938 663 περὶ
960 582 1092 644 πολλῶν
1113 576 1177 660 έγί-

165 709 266 751 νοντο
295 695 363 762 τοῖς
391 685 571 772 δημάρχοις
599 687 682 771 πρὸς
708 687 786 761 τοὺς
813 684 959 761 ὑπάτους
986 683 1178 767 ἀντιλογίαι,

138 790 221 857 εκαὶ
252 790 331 857 οὔθ’
361 792 380 858 ό
413 793 517 877 δῆμος
546 791 652 857 ὁπόσα
683 791 704 874 η
732 791 838 874 βουλὴ
870 793 1052 875 ψηφίσαιτο
1082 791 1178 875 κύρια

164 898 287 982 ἡγεῖτο,
310 895 387 964 οὔθ’
411 891 458 963 ὧν
482 897 499 963 δ
524 899 628 982 δῆμος
648 901 744 982 γνοίη
763 905 802 982 τῇ
821 899 927 981 βουλῇ
950 900 1050 982 φίλον
1073 919 1103 960 τι
1120 891 1176 979 ην·

165 1002 519 1091 ἀντιπαρατεταγμένοι
547 1001 583 1069 δὲ
612 1002 667 1068 καί
690 1001 734 1068 δι’
761 1002 907 1082 ὑποψίας
929 1006 1058 1090 ἔχοντες
1080 1000 1244 1085 &III-1354

164 1116 244 1187 λους
267 1110 446 1176 διετέλουν.
483 1111 524 1176 ού
548 1111 613 1194 μὴν
636 1113 675 1175 τό
698 1134 734 1193 γε
758 1122 855 1194 μῖσος
875 1110 986 1175 αὐτῶν
1011 1111 1058 1185 είς
1080 1111 1179 1193 ἔργον

163 1239 195 1280 τι
223 1216 405 1298 ἀνήκεστον
434 1215 615 1302 ἐχώρησεν,
647 1208 701 1282 οἶα
730 1215 766 1282 έν
793 1202 864 1292 ταῖς
892 1217 1059 1292 τοιαύταις
1087 1220 1181 1299 φιλεῖ

123 1303 319 1418 1Ξγίνεσθαι
341 1334 505 1408 ταραχαῖς.
543 1324 620 1389 οὔτε
638 1324 702 1408 γὰρ
721 1323 756 1388 οί
771 1321 909 1406 πένητες
927 1321 980 1388 ἐπὶ
997 1322 1055 1399 τάς
1073 1323 1180 1398 οίκίας

164 1430 321 1514 ώρμησαν
335 1441 402 1494 τῶν
416 1432 598 1513 πλουσίων,
617 1431 701 1494 ένθα
719 1429 955 1514 ὑπελάμβανόν
972 1452 1065 1505 τινας
1081 1428 1180 1514 εὑρή-

163 1552 234 1600 σειν
257 1533 473 1618 ἀποκειμένας
494 1535 630 1619 τροφάς,
652 1535 673 1619 ἢ
696 1537 758 1618 τὴν
777 1534 813 1600 έν
832 1545 877 1623 τῷ
895 1542 1030 1621 φανερῷ
1050 1532 1179 1619 ἀγορὰν

162 1640 317 1726 ἁρπάζειν
332 1640 544 1725 ἐπεβάλοντο,
558 1640 628 1706 ἀλλ’
642 1640 864 1725 ὑπομένοντες
878 1643 1039 1706 ὠνεῖσθαι
1050 1644 1181 1706 πολλοῦ

162 1749 327 1832 διαφόρου
351 1748 462 1832 μικρά,
485 1745 540 1811 καὶ
561 1745 651 1813 ὁπότ’
673 1747 910 1833 ἐξαπορηθεῖεν
933 1746 1096 1833 ἀργυρίου
1118 1746 1183 1822 τὰς

122 1875 149 1916 τε
163 1851 199 1917 ἐκ
229 1862 288 1935 γῆς
318 1851 407 1937 ῥίζας
438 1875 472 1916 τε
504 1851 559 1917 καὶ
590 1853 733 1937 βοτάνας
765 1854 956 1938 σιτούμενοι
988 1853 1180 1938 ἠνείχοντο·

161 1956 238 2024 οὔθ’
263 1959 298 2023 οἱ
317 1960 473 2024 πλούσιοι
494 1959 690 2044 βιασάμενοι
708 1961 786 2036 τοὺς
804 1957 1067 2044 ἀσθενεστέρους
1083 1967 1123 2043 τῇ
1143 1957 1178 2024 τ’

162 2066 266 2152 οίκείμ
289 2064 430 2149 δυνάμει
453 2063 509 2147 καὶ
530 2074 569 2150 τῇ
592 2067 681 2149 παρὰ
703 2076 771 2130 τῶν
793 2071 946 2131 πελατῶν
967 2071 1073 2150 πολλῇ
1092 2066 1184 2151 οὔσῃ

160 2183 335 2256 κατασχεῖν
362 2170 456 2237 αὐτοὶ
483 2173 545 2255 τὴν
571 2176 670 2237 πόλιν
698 2171 842 2255 ἠξίωσαν
875 2175 953 2249 τοὺς
980 2169 1042 2256 μὲν
1068 2170 1185 2249 ἐξελά-

161 2295 277 2354 σαντες
296 2277 328 2356 έξ
348 2277 460 2361 αὐτῆς,
482 2281 559 2356 τοὺς
578 2276 610 2342 δ’
634 2278 897 2363 ἀποκτείναντες,
919 2277 1003 2343 ἀλλά
1022 2276 1185 2363 διέμενον

119 2407 146 2447 ιο
161 2385 269 2470 ὥσπερ
289 2385 325 2450 οἱ
340 2383 594 2470 σωφρονέστατα
611 2389 862 2470 πολιτευόμενοι
883 2387 965 2471 πρὸς
983 2388 1062 2462 τοὺς
1079 2386 1242 2462 υίοὺςιεσ

158 2491 296 2574 πατέρες
330 2485 494 2578 εὐνοούσῃ
527 2490 582 2557 καί
616 2491 782 2578 κηδομένη
816 2500 855 2576 τῇ
888 2491 971 2577 ὀργῇ
1003 2493 1086 2576 πρὸς
1118 2492 1185 2567 τάς

124 2595 348 2680 3άμαρτάδας
370 2597 480 2661 αὐτῶν
503 2598 676 2682 χρώμενοι.
712 2599 866 2682 τοιαύτης
889 2594 926 2662 δὲ
949 2597 1186 2674 καταστάσεως
1241 2629 1242 2680 3

159 2701 262 2784 οὔσης
283 2698 359 2786 περὶ
381 2702 442 2783 τὴν
460 2699 587 2786 Ῥώμην
605 2705 642 2767 αί
657 2707 881 2788 πλησιόχωροι
899 2691 1012 2780 πόλεις
1031 2701 1184 2768 ἐκάλουν
1241 2683 1242 2697 ¹

158 2809 236 2882 τοὺς
262 2805 489 2892 βουλομένους
516 2809 621 2873 οίκεῖν
646 2810 735 2894 παρδι
764 2813 859 2892 σφίσι
882 2806 1051 2893 Ῥωμαίων
1079 2814 1186 2874 πολι-

118 2934 145 2976 αι
158 2917 245 2988 τείας
271 2935 305 2977 τε
333 2914 507 2996 μεταδόσει
538 2911 593 2978 καί
624 2915 735 2979 ἀλλων
763 2917 1014 3000 φιλανθρώπων
1043 2914 1189 2980 έλπίσιν
1240 3003 1241 3006 ¹

136 3019 376 3104 ὑπαγόμεναι,
400 3021 437 3084 αί
457 3016 518 3105 μὲν
538 3019 602 3086 ἀπὸ
626 3030 686 3086 τοῦ
709 3024 881 3105 βελτίστου
906 3019 950 3087 δι’
977 3021 1117 3087 εύνοιάν
1145 3045 1188 3087 τε
1240 3011 1241 3083 ι

229 3182 245 3230 6
265 3178 360 3245 φίλιον
379 3176 402 3230 Ο
422 3178 505 3246 φίλον
524 3176 613 3232 Cobet
631 3178 696 3232 obs.
715 3197 742 3247 p.
759 3183 810 3232 139
865 3184 881 3232 9
902 3177 1057 3246 ἀνήκεστόν
1075 3198 1106 3231 τι
1126 3177 1155 3230 Β
1181 3178 1187 3252 Ι

158 3246 217 3318 οἷα]
236 3245 266 3301 οἷ
282 3245 310 3301 δ’
332 3247 377 3301 Ba
469 3250 622 3304 12ἀποκει
638 3292 643 3303 .
660 3247 787 3318 μέναςΒ
811 3251 897 3302 auto
921 3253 970 3303 aut
989 3269 1004 3303 ο
1022 3248 1081 3304 h'tt.
1102 3264 1191 3304 eras,
1239 3311 1240 3320 χ

160 3324 191 3372 16
211 3318 391 3387 *ἀνείχοντο
411 3317 434 3372 Ο
457 3321 564 3374 correxi
655 3328 686 3391 11
705 3319 775 3391 παρ’
796 3321 889 3374 αὐτῶν
914 3324 1001 3390 πολλῇ
1020 3320 1046 3372 Α
1146 3325 1240 3380 2οῐ

157 3388 380 3514 πολιτευόμενοχ]
403 3390 605 3462 παιδευόμενοι
628 3392 692 3454 τοὺς
715 3389 794 3454 υὺοὑς
817 3408 840 3446 c.
858 3389 1003 3458 Kiessling
1026 3391 1193 3444 ἀντιπολι-
1239 3381 1240 3469 λ

156 3459 302 3529 πενόμενοι
317 3479 339 3516 ο,
376 3478 457 3530 ayser
470 3462 542 3520 Ann.
556 3463 625 3532 phil.
638 3470 706 3519 1868
719 3482 747 3532 p.
756 3467 808 3516 813
863 3468 905 3517 ’25
921 3459 1115 3534 μ<ετ>αδόσει
1129 3460 1191 3514 Bb
