2496 3878
134 244 155 308 8
562 247 741 294 -z--

133 427 169 470 τε
196 403 445 492 κεχαρισμένοις
472 403 717 490 ἀναλαμβάνων
744 401 800 469 καὶ
827 407 905 480 τοὺς
928 400 1148 489 σφετεριζομέ-

134 535 215 589 νους
241 512 281 576 τὰ
309 512 405 577 κοινὰ
432 521 500 577 τῶν
528 513 681 577 δυνατῶν
709 509 888 597 ἐξελέγχων
916 508 972 576 καί
999 509 1063 575 ἀπὸ
1084 519 1148 574 τῶν

136 615 256 684 ἑαυτοῦ
279 617 454 703 χρημάτων
472 621 617 694 πολλοὺς
634 627 701 682 τῶν
719 620 871 701 πενήτων
890 611 928 681 εὖ
947 627 1066 682 ποιῶν·
1096 613 1149 680 καί

136 720 178 807 ἦν
199 735 268 799 τοῖς
287 725 506 808 προεστηκόσι
526 731 584 806 τῆς
604 721 854 808 ἀριστοκρατίας
873 723 929 788 διά
947 719 1038 788 ταῦτ’
1056 720 1218 807 &wax-1321

109 831 202 914 εθής
223 826 279 894 καὶ
302 830 453 914 φοβερός.

203 935 243 1000 V.
266 937 415 1022 Εἰκοστῷ
439 931 470 999 δ’
493 933 634 1020 ὕστερον
657 936 722 999 έτει
744 944 802 1018 τῆς
823 936 907 1021 πρὸς
928 937 1006 1011 τοὺς
1028 933 1149 1018 βαρβά-

137 1065 217 1128 ρους
244 1041 348 1125 μάχης
374 1036 483 1123 ἦλθον
512 1040 557 1117 ῶς
579 1043 657 1116 τοὺς
678 1043 853 1125 Κυμαίους
872 1037 1054 1125 Ἀρικηνῶν
1077 1037 1150 1125 πρέ-

138 1151 228 1231 σβεις
247 1150 310 1212 σὺν
330 1147 507 1232 ἱκετηρίαις
525 1144 694 1224 ἀξιοῦντες
712 1146 833 1224 αὐτοὺς
851 1150 1019 1231 βοηθήσαι
1037 1149 1151 1231 σφίσιν

137 1253 202 1318 ὑπὸ
222 1256 404 1340 Τυρρηνῶν
422 1251 692 1336 πολεμουμένοις.
720 1254 800 1337 μετὰ
815 1254 878 1338 γὰρ
893 1254 950 1330 τὰς
964 1252 1151 1335 διαλλαγάς,

99 1378 125 1420 10
139 1359 177 1435 δς
201 1356 376 1440 ἐποιήσατο
394 1359 478 1440 πρὸς
496 1357 557 1440 τήν
570 1354 740 1442 Ῥωμαίων
757 1361 856 1424 πόλιν
876 1357 894 1424 ὁ
913 1361 1069 1441 βασιλεὺς
1086 1368 1151 1424 τῶν

143 1468 324 1549 Τυρρηνῶν
343 1465 525 1548 Πορσίνας,
547 1464 606 1528 τὸν
628 1463 705 1527 υίὸν
719 1461 885 1550 ’Ἀρροντα
904 1464 985 1540 δοὺς
1001 1463 1062 1547 τήν
1080 1463 1154 1547 ἡμί-

139 1588 232 1636 σειαν
263 1578 320 1652 τῆς
353 1577 506 1652 στρατιᾶς
535 1571 680 1652 ἔπεμψεν
711 1571 802 1634 ίδίαν
832 1568 938 1655 ἀρχήν
968 1573 1154 1653 κτήσασθαι

139 1678 358 1760 βουλόμενον,
381 1677 426 1752 ὡς
450 1675 486 1740 έν
510 1687 579 1752 τοῖς
601 1678 665 1760 πρὸ
689 1676 809 1742 τούτου
834 1677 1005 1757 δεδήλωκα
1029 1679 1153 1759 λόγοις·

139 1783 175 1859 ὃς
199 1781 383 1868 ἐπολιόρκει
406 1784 480 1846 τότε
500 1784 578 1858 τοὺς
591 1779 786 1869 Ἀρικηνοὺς
804 1785 1091 1867 καταπεφευγότας
1108 1784 1155 1859 είς

100 1907 125 1948 ιι
138 1891 176 1954 τὸ
199 1899 306 1974 τεῖχος
327 1885 382 1954 καὶ
406 1887 447 1953 οὐ
470 1888 526 1952 διὰ
549 1897 677 1971 μακροῦ
701 1894 784 1974 λιμῶ
808 1890 869 1971 τήν
887 1891 986 1954 πόλιν
1005 1890 1155 1974 αἱρήσειν

104 1993 232 2083 2ᾤετο.
278 1995 396 2078 ταύτης
422 2002 479 2077 της
505 1996 681 2078 πρεσβείας
708 1993 911 2079 ἀφικομένης
938 1996 973 2060 ολ
998 2011 1155 2079 προεστη-

139 2104 232 2177 κότες
262 2109 320 2183 τής
351 2099 602 2185 ἀριστοκρατίας
634 2110 809 2184 μισοῦντες
834 2102 893 2166 τὸν
917 2097 1156 2185 Ἀριστόδημον
1192 2178 1195 2184 1

140 2205 194 2272 καὶ
219 2207 375 2287 δεδιότες,
399 2207 442 2288 μή
466 2228 497 2269 τι
520 2207 623 2270 κακὸν
646 2203 859 2289 ἐξεργάσηται
881 2205 956 2290 περὶ
979 2207 1039 2290 τήν
1063 2211 1156 2272 πολι-

140 2315 249 2396 τείαν,
275 2312 452 2377 κάλλιστον
477 2309 646 2394 ὑπέλαβον
669 2310 842 2396 εἰληφέναι
863 2313 981 2396 καιρὸν
1005 2311 1240 2379 ἐκποδὼνιενε

102 2438 129 2478 20
143 2420 246 2484 αὐτὸν
268 2418 472 2498 ποιήσασθαι
496 2419 559 2481 σὺν
578 2415 758 2502 εὐσχήμονι
775 2417 949 2504 προφάσει.
986 2422 1158 2496 πείσαντες

141 2525 183 2606 δή
205 2527 265 2589 τὸν
289 2525 396 2608 δήμον
419 2521 609 2588 ἀποστεῖλαι
620 2519 810 2608 Ἀρικηνοῖς
829 2524 1012 2610 δισχιλίους
1030 2526 1158 2611 ἀνδρας

141 2626 194 2694 ἐπὶ
223 2631 426 2712 συμμαχίαν,
454 2627 509 2693 καὶ
533 2631 716 2713 στρατηγὸν
738 2627 970 2706 ἀποδείξαντες
991 2633 1050 2695 τὸν
1070 2626 1160 2717 Ἀρι-

143 2735 311 2816 στόδημον
339 2733 383 2810 ὡς
411 2734 453 2816 δή
476 2734 517 2797 τά
539 2733 680 2817 πολέμια
703 2737 870 2820 λαμπρόν,
897 2736 937 2799 τδι
959 2736 1039 2819 μετὰ
1061 2723 1154 2802 ταῦτ’

143 2842 314 2923 ἔπραττον,
336 2836 368 2916 ἐξ
387 2832 434 2902 ὧν
453 2838 474 2922 ή
493 2841 781 2922 κατακοπήσεσθαι
799 2842 987 2924 μαχόμενον
1004 2841 1070 2907 ὑπὸ
1089 2854 1161 2907 τῶν

103 2963 128 3005 ει
148 2951 329 3032 Τυρρηνῶν
342 2943 444 3009 αὐτὸν
460 2944 694 3028 ὑπελάμβανον
713 2946 733 3029 ή
752 2947 833 3010 κατὰ
851 2944 993 3029 πέλανος
1012 2949 1162 3032 διαφθα-

109 3055 129 3119 3
144 3056 315 3140 ρήσεσθαι.
352 3053 525 3134 γενόμενοι
548 3052 611 3136 γὰρ
630 3051 696 3116 ὑπὸ
714 3060 772 3134 της
789 3055 913 3136 βουλῆς
930 3053 1041 3138 κύριοι
1059 3077 1163 3118 κατα-

143 3156 234 3236 λέξαι
256 3159 334 3234 τοὺς
357 3154 410 3222 ἐπὶ
432 3159 493 3240 τήν
513 3161 701 3241 συμμαχίαν
720 3155 993 3242 ἐξελευσομένους
1010 3170 1077 3224 τῶν
1097 3156 1165 3243 μὲν

216 3356 232 3402 3
251 3346 392 3418 πενήτων]
410 3352 531 3402 πολιτῶν
549 3349 574 3401 Α
630 3353 663 3400 14
683 3345 713 3411 ὃς
731 3365 799 3404 corr.
820 3365 928 3405 aman.
948 3349 997 3404 alt.
1017 3365 1052 3402 ex
1070 3349 1108 3412 ὡς
1128 3353 1167 3404 ut

142 3418 256 3474 videtur
278 3419 302 3472 Β
326 3423 331 3486 Ι
352 3417 463 3489 Ἀρικ<η
486 3420 553 3481 νοδς
573 3418 621 3472 Bb
645 3420 697 3473 hoo
720 3421 781 3474 loco
806 3419 925 3488 aliisque
998 3426 1031 3474 18
1055 3417 1166 3491 κακόν]

144 3490 244 3545 καινὸν
263 3507 286 3544 c.
306 3489 430 3544 Sintenis
473 3507 509 3545 m.
528 3489 610 3544 Dion.
628 3491 668 3544 III
687 3495 703 3543 5
