2508 3882
151 192 217 254 244
574 193 740 242 -Η-

150 353 310 418 ὑπατείαν
327 354 592 436 παρειληφότων,
614 352 735 436 ἀνδρες
753 349 790 416 ἐκ
808 362 875 416 τῶν
893 353 1076 434 πατρικίων
1092 347 1154 414 νέοι

151 455 213 542 μὲν
231 460 279 522 ἐτι
296 458 358 540 τὴν
376 456 521 540 ἡλικίαν,
541 455 793 542 ἐπιφανέστατοι
813 453 851 522 δὲ
869 467 937 522 τῶν
955 458 1066 522 ἀλλων
1083 455 1155 520 κατά
1236 503 1237 506 ¹

152 561 183 647 γ’
214 562 366 642 ἀξιώσεις
393 566 585 648 προγόνων,
614 559 670 628 καί
700 563 756 627 διά
786 564 846 640 τὰς
874 561 1020 647 ἑταιρίας
1049 584 1082 626 τε
1109 557 1171 638 καλ1
1235 509 1237 600 ὑ

152 670 318 746 πλούτους
348 667 432 752 μέγα
464 669 662 752 δυυάμενοι,
692 667 749 734 καὶ
780 669 825 746 ὡς
850 667 922 735 νέοι
950 669 990 733 τά
1017 665 1157 731 πολιτικὰ

127 775 309 860 οπράττειυ
336 774 475 851 οὐδενὸς
502 785 569 839 τῶν
593 773 630 840 ἐν
652 773 740 860 ἀκραῆ
762 779 910 861 χείρους,
938 777 1075 838 Καίσων
1098 771 1157 835 Φά-
1237 779 1238 848 3

154 886 239 965 βιος,
260 881 405 966 ἀδελφὸς
421 889 482 947 τοῦ
500 884 573 946 τότε
591 881 827 965 ὑπατεύοντος,
844 879 900 947 καί
917 882 1063 956 Λεύκιος
1082 876 1156 942 Ούα-

155 986 264 1073 λέριος
291 990 519 1069 Ποπλικόλας,
551 985 697 1072 ἀδελφὸς
726 995 787 1053 τοῦ
818 987 1066 1062 καταλύσαντος
1092 984 1160 1058 τοὺς
1238 1019 1239 1046 ι

154 1097 317 1177 βασιλεῖς,
343 1094 406 1177 τῆν
432 1092 645 1175 ταμιευτικὴν
671 1094 802 1176 ἔχοντες
829 1091 984 1170 ἐξουσίαν
1007 1091 1088 1156 κατὰ
1107 1091 1158 1154 τὸν

156 1198 259 1263 αὐτὸν
282 1201 417 1284 χρόνον,
439 1196 495 1262 καὶ
518 1199 574 1262 διά
594 1195 683 1264 τοῦτ’
706 1196 882 1281 ἐκκλησίαν
900 1198 1061 1280 συνάγειν
1078 1197 1159 1270 ὄντες

117 1321 143 1360 1⁰
156 1305 279 1389 κύριοι,
299 1306 358 1369 τὸν
376 1303 607 1369 ὑπατεύσαντα
625 1313 670 1391 τῷ
688 1307 840 1388 πρόσθεν
858 1303 1001 1391 ἐνιαυτῷ
1020 1305 1159 1387 Σπόριον

155 1410 306 1476 Κάσσιον
328 1409 384 1476 καὶ
406 1414 615 1494 τολμήσαντα
637 1413 716 1487 τοὺς
736 1412 812 1494 περὶ
829 1419 887 1493 τῆς
904 1411 1066 1494 διανομῆς
1082 1409 1161 1490 είση-
1240 1422 1241 1492 λ

154 1520 324 1601 γῆσασθαι
352 1519 477 1600 νόμους
503 1517 713 1599 εἰσήγγειλαν
740 1516 788 1592 είς
814 1518 874 1581 τὸν
904 1517 1012 1599 δῆμον
1041 1513 1093 1580 ἐπὶ
1114 1538 1161 1579 τυ-

155 1623 313 1706 ραννίδος
330 1623 432 1708 αίτίηι·
453 1619 509 1686 καὶ
526 1624 740 1706 προειπόντες
758 1620 885 1706 ἡμέραν
904 1621 1010 1706 ύητῆν
1030 1619 1161 1686 ἐκάλουν

153 1727 255 1791 αὐτὸν
282 1727 327 1803 ὡς
356 1725 410 1790 ἐπὶ
437 1735 497 1791 τοῦ
526 1728 634 1810 δῆμον
660 1728 722 1811 τῆν
746 1727 843 1811 δίκην
865 1725 1223 1810 ἀπολογησόμενον.ιευε

113 1811 256 1927 Ξόχλου
280 1827 317 1896 δὲ
338 1835 495 1897 πλείστου
513 1831 740 1919 συναχθέντος
762 1833 810 1908 είς
832 1834 893 1916 τῆν
911 1831 1163 1917 ἀποδειχθεῖσαν

152 1933 281 2021 ἡμέραν
305 1935 565 2019 συγκαλέσαντες
592 1940 640 2014 είς
663 1936 839 2019 ἐκκλησίαν
862 1939 900 2002 τὸ
923 1941 1054 2021 πλῆθος
1076 1938 1115 2003 τά
1136 1934 1159 2002 τ’

155 2042 284 2127 ἐμφανῆ
307 2052 368 2108 τοῦ
391 2041 514 2128 ἀνδρὸς
536 2045 616 2127 ἔργα
640 2044 685 2120 ὡς
707 2041 758 2108 ἐπ’
784 2041 900 2108 οὐδενὶ
922 2053 1052 2131 χρηστῷ
1076 2047 1165 2127 γενό-

155 2171 238 2232 μενα
262 2145 449 2235 διεξῄεσαν·
472 2148 523 2215 ὅτι
546 2153 705 2226 Λατίνοις
727 2145 790 2233 μὲν
809 2159 954 2233 πρῶτον,
977 2141 1027 2226 οἷς
1045 2147 1165 2235 ἀπέχρη

153 2257 320 2332 πολιτείας
337 2263 452 2339 κοινῆς
470 2253 655 2339 ἀξιωθῆναι
673 2251 756 2338 μέγα
774 2253 942 2339 εὐτύχημα
960 2253 1168 2340 ἡγουμένοις,

114 2383 141 2422 ιο
154 2362 186 2425 εί
206 2359 262 2427 καὶ
285 2361 405 2445 ταύτης
426 2361 575 2446 τύχοιεν,
602 2361 643 2427 οὐ
671 2362 777 2445 μόνον
805 2359 849 2442 ῆν
871 2358 975 2446 ᾔτουν
999 2364 1168 2426 πολιτείαν

152 2466 277 2545 ὑπατος
300 2467 347 2532 ὢν
370 2465 560 2552 ἐχαρίσατο,
587 2463 660 2532 ἀλλ’
687 2468 735 2531 ἐτι
762 2463 817 2530 καὶ
840 2475 908 2531 τῶν
932 2464 968 2530 ἐκ
990 2475 1050 2531 τοῦ
1073 2466 1169 2532 πολέ-

153 2597 219 2656 μου
241 2574 415 2659 λαφύρων,
437 2572 496 2638 ἐὰν
519 2574 614 2656 κοινῆ
634 2570 769 2655 γένηται
789 2575 954 2655 στρατεία,
975 2572 1037 2655 τῆν
1055 2575 1170 2656 τρίτην

154 2677 336 2765 ἐψηφίσατο
360 2679 531 2744 δίδοσθαι·
554 2674 660 2743 ἔπειθ’
680 2676 846 2762 Ἕρνικας,
870 2675 928 2752 οὓς
948 2675 1082 2765 πολέμφ
1102 2702 1168 2764 χει-

152 2782 323 2868 ρωθέντας
346 2783 476 2867 ἀγαπᾶν
499 2782 615 2869 ἐχρῆν,
642 2785 673 2848 εί
698 2785 742 2868 μῆ
766 2780 821 2848 καὶ
842 2790 901 2866 τῆς
924 2783 1034 2848 αὐτῶν
1057 2785 1168 2869 χώρας

113 2909 139 2950 ιε
153 2886 325 2975 ἀφαιρέσει
347 2886 413 2953 τινί
437 2892 648 2972 ζημιωθεῖεν,
676 2891 797 2972 φίλους
819 2884 880 2973 μέν
904 2886 982 2953 ἀνθ’
1008 2888 1168 2972 ὑπηκόων

154 2995 297 3080 ἐποίησε,
319 2997 454 3071 πολίτας
477 2993 510 3058 δ’
537 2991 614 3059 ἀνθ’
640 2993 823 3078 ὑποτελῶν,
846 3003 906 3079 γῆς
927 3018 962 3060 τε
985 2991 1041 3059 καὶ
1065 2997 1167 3078 λείας,

225 3159 241 3206 2
261 3148 333 3207 κατά
351 3169 380 3204 τε
400 3149 423 3205 Ο
446 3147 519 3205 κατά
537 3169 568 3219 γε
587 3167 610 3206 ο.
625 3149 785 3219 Stephanus
894 3155 910 3204 6
929 3151 1105 3218 ἀδελφιδοῦς
1123 3149 1171 3204 vel

153 3223 330 3294 ἀδελφόπαις
352 3238 375 3278 ο.
400 3221 554 3276 Glareanus
645 3228 679 3276 10
698 3217 805 3290 πρόσθ’
827 3215 988 3293 ἐνιαυτῷΒ
1083 3228 1115 3276 17
1135 3222 1172 3283 ὡς

154 3295 261 3350 add.B
345 3299 380 3349 18
397 3293 507 3364 ἀπόχρη
528 3291 551 3347 Ο
569 3291 722 3363 φτυελεεΒ
808 3297 843 3345 20
861 3291 1000 3346 ὑπατείαν
1019 3289 1072 3346 AC
1092 3296 1170 3347 πολι-

153 3369 232 3422 τείαν
251 3365 354 3491 Ecum}
378 3362 565 3490 {augularem
584 3381 606 3418 c.
627 3362 748 3432 Sylburg
838 3368 873 3417 24
892 3358 977 3434 ἐχρῆν
995 3361 1043 3416 Ba
1136 3370 1170 3418 25

154 3440 185 3491 et
202 3456 227 3493 v.
243 3442 277 3492 26
346 3456 377 3490 ντ
