2484 3876
143 229 208 294 136
564 233 731 282 -Η-

142 393 224 478 τύχη
247 401 316 468 τοῖς
338 389 570 476 ἀδικουμένοις
593 389 664 458 οὐδ’
688 391 730 458 ἂν
754 392 956 460 ἐλπισθέντα
978 397 1168 481 παρεσκεύ-

143 515 235 582 ασεν,
255 497 291 564 ἐν
309 491 336 586 ᾧ
355 499 565 576 στασιάζουσι
582 497 637 564 καὶ
654 499 902 567 ὑποπτεύουσιν
920 500 1089 586 ἀλλήλους
1107 500 1167 566 καλ

142 605 306 689 ἡγεμόνας
329 606 463 690 ἔχουσιν
485 603 642 690 ἀπείρους
663 604 820 690 πολέμου.
864 607 884 674 ἃ
907 603 970 692 μὲν
992 602 1056 674 οὖν
1078 608 1168 674 ὑπο-

142 715 300 778 τίθεσθαι
323 711 391 776 ἔδει
414 713 526 794 λόγοις
543 709 598 776 καὶ
615 723 790 797 παραινεῖν
808 716 930 798 φίλοις,
953 714 1035 799 μετά
1052 713 1168 798 πάσης

116 817 275 894 εεὺνοίας
302 815 357 882 καὶ
383 821 522 894 πίστεως
549 814 704 902 εἰρημένα
731 815 787 884 ὑπ’
814 818 913 903 ἐμοῦ,
939 816 1030 886 ταῦτ’
1059 819 1168 905 ἐστίν,

143 925 165 990 ὑ
192 922 230 990 II
256 921 333 1011 παρ’
362 922 446 989 αὑτὰ
472 925 512 990 τά
535 925 614 1008 ἔργα
637 921 789 990 ἑκάστοτε
811 931 1028 1012 προορᾶσθαί
1047 951 1082 992 τε
1106 926 1167 992 καί

34 1038 40 1050 ’
97 1091 101 1100 ,
145 1038 357 1116 μηχανᾶσθαι
387 1031 512 1114 δεήσει,
543 1042 613 1107 τοῖς
638 1030 778 1115 ἡγεμόσι
803 1041 862 1116 τής
889 1034 1064 1119 δυνάμεως
1092 1034 1167 1100 ἐπι-

109 1136 282 1224 ὑτρέψατε
306 1139 523 1203 διανοεῖσθαι.
558 1139 737 1222 πρόθυμον
756 1140 819 1224 γάρ
838 1137 894 1204 καὶ
912 1141 1038 1226 τούμὸν
1056 1143 1237 1226 έσται,1521

145 1243 183 1308 έν
212 1236 238 1330 ᾧ
268 1245 310 1308 άν
340 1265 380 1327 με
408 1242 541 1327 τάττητε
571 1246 677 1332 τόπῳ,
708 1241 762 1308 καὶ
792 1245 992 1332 πειράσομαι
1018 1249 1163 1331 μηθενὸς

105 1344 231 1416 1οε1ναι
253 1349 374 1435 χείρων
397 1352 477 1434 μήτε
499 1351 700 1436 στρατιώτου
723 1352 802 1435 μήτε
821 1356 966 1436 λοχαγοῦ
985 1355 1065 1438 μήτε
1082 1352 1161 1437 ήγε-

145 1457 259 1546 μόνος·
283 1455 366 1521 άλλὺ
389 1454 602 1543 καταχρῆσθέ
621 1480 678 1540 μοι
696 1459 863 1542 λαβόντες,
886 1458 971 1524 ὅπου
990 1459 1032 1525 άν
1050 1459 1164 1544 μέλλω

144 1586 176 1629 τι
199 1563 284 1647 ὑμᾶς
307 1563 507 1648 ὠφελήσειν,
528 1561 584 1629 καὶ
606 1557 644 1627 εὖ
668 1568 736 1628 ίστε
760 1563 828 1648 ὅτι,
849 1566 882 1629 εί
901 1571 1057 1650 πολεμῶν
1079 1567 1167 1652 ὑμῖν

28 1725 34 1732 .
75 1677 78 1682 ’
145 1670 270 1753 μεγάλα
298 1670 457 1754 βλάπτειν
485 1671 625 1746 δυνατὸς
647 1663 706 1754 ήν,
735 1668 790 1737 καὶ
813 1673 877 1736 σὺν
899 1672 980 1757 ὑμῖν
1003 1673 1166 1756 άγωνιζό·

145 1797 244 1859 μενος
266 1775 391 1859 μεγάλα
414 1777 599 1860 δυνήσομαι
622 1777 773 1861 ὠφελεῖν.

105 1900 132 1942 11
212 1879 318 1945 VIIII.
351 1885 493 1947 Τοιαῦτα
516 1879 577 1968 μὲν
600 1883 618 1948 ὑ
641 1883 795 1969 Μάρκιος
818 1878 919 1950 εἶπεν.
956 1887 991 1951 οί
1012 1883 1050 1951 δέ
1074 1888 1166 1954 Οὐο-

146 1992 282 2054 λοῦσκοι
309 1986 464 2072 λέγοντός
489 2013 524 2054 τε
551 1998 611 2055 τοῦ
636 1988 759 2076 ἀνδρὸς
781 1992 829 2056 ἔτι
853 1993 949 2074 ὑήλοι
972 1987 1059 2076 ήσαν
1080 1993 1165 2078 άγά-

71 2097 77 2107 ”
147 2119 241 2185 μενοι
267 2098 346 2172 τοὺς
373 2097 509 2179 λόγους,
535 2093 591 2160 καὶ
619 2094 731 2180 ἐπειδή
760 2095 925 2163 ἐπαύσατο
948 2100 1074 2186 μεγάλη
1099 2105 1165 2187 βοή

145 2202 265 2280 πάντες
291 2201 499 2287 ἐπεσήμηναν
527 2203 571 2280 ὡς
597 2203 636 2268 τά
659 2203 815 2289 κράτιστα
837 2203 1035 2294 ὑποθεμένῳ
1058 2210 1166 2290 λόγον

146 2335 166 2375 τ
168 2307 319 2378 ὀὐθενὶ
340 2307 521 2396 προθέντες
544 2309 737 2395 ἐπικυροῦσι
755 2310 816 2392 τήν
835 2312 980 2396 γνώμην.
1017 2312 1167 2398 γραφέν-

106 2441 134 2482 εο
147 2442 204 2496 τος
233 2415 271 2483 δέ
300 2425 360 2483 τοῦ
390 2417 553 2502 δόγματος
580 2416 683 2494 εὐθὺς
711 2414 789 2496 ἐξ.ρ
772 2417 908 2501 εκάστης
934 2421 1062 2496 πόλεως
1083 2422 1168 2497 τοὺς

148 2513 429 2611 ἐπιφανεστάτους
456 2525 581 2609 άνθρας
611 2521 762 2608 ἑλόμενοι
790 2525 994 2609 πρεσβευτάς
1021 2528 1071 2603 εἰς
1100 2529 1166 2611 τὴν

142 2631 268 2716 Ῥώμην
291 2628 498 2696 ἀπέστειλαν·
521 2639 566 2718 τῷ
591 2626 628 2696 ὑλ
650 2632 794 2718 Μαρκίῳ
816 2633 921 2715 ψηφίζ
921 2655 1015 2697 ονται
1036 2636 1167 2718 βουλῆς

148 2759 184 2802 τε
206 2740 383 2820 μετουσίαν
406 2734 443 2800 ἐν
466 2735 574 2823 άπάση
592 2739 687 2802 πόλει
705 2734 761 2801 καὶ
780 2735 886 2822 ἀρχάς
898 2735 1020 2815 ἐξεῖναι
1038 2760 1165 2805 παντα-

148 2845 226 2930 χόσε
245 2839 390 2927 μετιέναι
408 2838 463 2906 καὶ
482 2852 547 2906 τῶν
566 2843 688 2925 άλλων,
707 2842 813 2908 ὁπόσα
831 2845 1009 2927 τιμιώτατα
1022 2840 1065 2929 ήν
1079 2845 1160 2930 παρ’

106 2922 271 3037 ,Ξαὺτοῑς
294 2943 448 3033 μετέχειν.
484 2945 539 3013 καὶ
562 2945 641 3033 πρὶν
663 2947 683 3030 ή
707 2949 765 3026 τὰς
782 2947 951 3034 Ῥωμαίων
972 2950 1232 3038 άποκρίσεις1513

221 3137 364 3196 ῦὲκαστα
387 3135 413 3195 A
486 3147 500 3196 ἵ
524 3139 599 3194 inter
622 3134 789 3211 ἐπιτρέψατε
812 3143 842 3196 et
863 3143 1044 3198 διανοεῖσθαι
1064 3143 1163 3200 deesse

147 3211 285 3270 nonnulla
303 3210 406 3266 Reiske
425 3212 521 3266 censet
607 3217 635 3266 11
658 3217 854 3284 καταχρῆσθαι
872 3214 925 3267 AB
1010 3221 1042 3270 18
1062 3210 1164 3286 ἐπεση-

148 3285 315 3373 μήναντοο.
336 3282 437 3338 Reiske
461 3284 465 3351 Ι
489 3281 683 3406 ὑποτιθεμένῳ
703 3283 748 3338 Ba
770 3282 976 3355 ὑποτιθεμένου
995 3285 1072 3340 ΑΒ1)
1092 3289 1164 3344 ὑπο

147 3354 260 3442 θεμένῳ
279 3353 402 3409 Reudler
420 3352 508 3408 Tiroc.
529 3353 632 3423 ο111μ
648 3359 682 3408 54
695 3357 771 3408 rece
786 3355 820 3408 cf.
834 3355 899 3410 VIII
915 3362 984 3423 724
1040 3363 1074 3413 19
1093 3379 1163 3428 προ-

148 3423 249 3548 ΙθΙεΙνχες
262 3424 308 3477 Ba
326 3421 498 3494 προσθέντες
511 3424 587 3480 ABb
604 3428 608 3494 Ι
626 3422 666 3479 ἔτι
680 3434 811 3496 κυροῦσαν
826 3442 849 3480 e.
865 3426 927 3480 Sint
915 3427 989 3482 1111111
1002 3427 1064 3483 Em.
1079 3429 1162 3486 Dion.
