2508 3882
375 241 379 248 ·
491 220 657 269 -Η-
1012 215 1078 280 233

81 383 231 442 τελευτῶν
264 374 303 443 δὲ
333 381 528 463 τοῦλόγου
560 375 690 445 τοσαῦτ’
727 380 789 464 ἔφη
822 377 877 444 καί
909 374 1075 462 τηλικαῦτ’

81 483 181 566 ἀγαθὰ
198 487 353 568 ποιήσειν
370 487 429 552 τὸν
448 486 567 571 δῆμον,
590 485 673 550 ὥστε
691 485 816 563 πάντας
833 483 1079 569 ὑπερβαλέσθαι

33 593 147 668 ειιετοὺς
177 589 439 676 ἐπαινουμένους
481 588 534 656 ἐπὶ
568 600 614 679 τῷ
651 597 762 676 φιλεῖν
799 589 855 657 καὶ
891 593 1006 670 σώζειν
1042 593 1079 657 τὸ

78 697 260 780 δημοτικόν·
294 695 350 762 καὶ
380 695 471 764 ταῦτ’
501 699 564 782 ἔφη
594 699 745 780 ποιήσειν
775 697 836 764 οὐκ
866 699 912 774 είς
941 697 1078 784 μακράν.

79 803 225 880 διαλύσας
249 799 289 868 δὲ
311 805 372 888 την
396 803 571 888 ἐκκλησίαν
589 801 644 868 καὶ
666 806 790 889 χρόνον
808 801 887 870 οὐδὲ
906 786 1117 900 ἀκαριαίουῖξ

81 909 230 975 όιαλιπὼν
254 918 295 995 τῇ
318 913 457 976 κατόπιν
480 907 586 998 ημίρμ
609 909 782 976 συνεκάλει
803 912 865 996 τὴν
883 911 1010 995 βουλὴν
1033 912 1080 987 είς

82 1016 108 1080 τό
136 1013 317 1102 συνέδριον
349 1017 460 1102 όρθηυ
490 1014 547 1083 καὶ
577 1020 762 1102 περίφοβον
793 1011 898 1084 οὖσαν
928 1015 981 1082 ἐπὶ
1011 1027 1080 1094 τοϊς

81 1121 222 1206 ῥηθεῖσιν
256 1121 314 1189 ὑπ’
350 1124 454 1190 αὐτοῦ
487 1126 611 1206 λόγοις·
639 1120 703 1188 ’καὶ
733 1120 813 1209 πρὶν
844 1120 958 1209 ἑτέρου
989 1125 1080 1200 τινὸς

80 1227 232 1311 ἄρξασθαι
261 1233 365 1313 λόγου
399 1231 460 1314 την
492 1228 680 1315 ἀπόρρητον
712 1227 749 1294 έν
776 1236 822 1316 τῷ
853 1229 945 1317 όήμμ
975 1234 1080 1314 φυλα-

79 1339 205 1417 χθεῖσαν
224 1337 365 1420 γνώμην
384 1337 431 1412 είς
449 1334 551 1420 μέσον
570 1337 713 1420 ἔφερεν,
725 1332 827 1412 ἀξιῶν
847 1338 924 1412 τοὺς
941 1338 1080 1419 βουλευ-
1094 1356 1120 1397 ιο

79 1440 134 1525 τάς,
155 1441 273 1527 ἐπειδη
296 1443 402 1508 πολλὰ
425 1442 443 1508 ὁ
467 1443 571 1526 όῆμος
590 1449 630 1526 τῇ
657 1444 753 1506 πόλει
782 1444 939 1526 χρήσιμος
964 1439 1079 1525 γέγονε
1162 1487 1165 1494 =

79 1547 111 1610 τό
130 1544 186 1633 μὲν
209 1551 262 1626 είς
284 1550 345 1633 την
368 1549 574 1634 ἐλευθερίαν,
597 1549 636 1612 τὰ
655 1544 686 1646 δ”
708 1549 754 1624 είς
771 1548 808 1612 τὸ
828 1545 949 1633 ἑτέρων
966 1548 1080 1633 ἄρχειν

81 1658 327 1740 συλλαβόμενος,
349 1658 511 1741 πρόνοιαν
530 1653 634 1720 αὐτοῦ
651 1655 866 1737 ποιήσασθαι,
886 1655 947 1737 τήν
964 1676 998 1719 τε
1017 1656 1079 1741 χώ-
1156 1642 1160 1651 ’

80 1782 132 1842 ραν
157 1761 247 1850 αὐτῷ
277 1763 469 1846 νείμαντας,
500 1762 560 1846 ὅση
593 1759 725 1850 πολέμῳ
758 1767 960 1847 κρατηθεῖσα
992 1764 1080 1851 λόγῳ

81 1860 132 1946 μέν
155 1862 196 1950 ἦν
226 1869 387 1953 δημοσία,
419 1871 505 1958 ἔργῳ
534 1864 571 1934 δὲ
597 1879 663 1933 τῶν
691 1867 936 1932 ἀναιδεστάτων
963 1890 997 1932 τε
1024 1865 1080 1932 καὶ
1094 1873 1122 1928 ιι

81 1973 134 2036 σὺν
158 1972 275 2040 οὐθενί
303 1976 419 2062 δικαίῳ
442 1978 690 2060 κατεσχηκότων
717 1977 915 2060 πατρικίων,
941 1973 997 2039 καί
1024 1983 1081 2058 τῆς

81 2075 134 2144 ὑπὸ
151 2080 306 2158 Γέλωνος
322 2089 384 2146 τοῦ
403 2083 557 2157 Σικελίας
573 2080 741 2166 τυράννου
760 2083 967 2165 πεμφθείσης
986 2083 1080 2164 σφίσι

83 2182 196 2270 όυρεᾰς
219 2197 358 2272 σιτικῆς,
379 2186 423 2270 ἣν
444 2197 565 2273 προῖκα
584 2183 661 2252 δίον
680 2187 826 2262 ἅπαντας
845 2187 1079 2269 διανείμασθαι

81 2294 145 2369 τοὺς
171 2297 310 2371 πολίτας
337 2287 472 2378 ὠνητηυ
498 2291 685 2377 ἐλάμβανον
717 2293 753 2358 οί
775 2290 926 2375 πένητες,
957 2289 1079 2357 άποόο·

82 2401 172 2479 θῆναι
194 2401 255 2477 τάς
276 2401 371 2484 τιμὰς
392 2410 462 2476 τοῖς
485 2397 711 2482 ὠνησαμένοις
734 2395 768 2476 ἐξ
792 2392 839 2462 ὧν
862 2393 929 2482 είχε
952 2400 989 2463 τὸ
1012 2421 1079 2462 κοι-
1094 2416 1120 2457 2⁰

82 2503 132 2568 νόν
153 2505 340 2591 χρημάτων.
993 2513 997 2548 ¹

136 2611 253 2677 LXXI.
299 2612 417 2689 Εὐθὺς
444 2608 505 2696 μὲν
539 2606 602 2678 οὖν
635 2614 683 2677 ἔτι
711 2608 865 2694 λέγοντος
891 2609 995 2676 αὐτοῦ
1020 2611 1081 2675 θό-

17 2720 175 2800 ,Ιεῖεροβος
197 2715 241 2803 ἦν
263 2721 377 2804 πολύς,
399 2717 598 2804 ἀχθομένων
621 2717 776 2784 ἁπάντων
798 2715 854 2782 καί
876 2717 937 2802 οὐχ
960 2716 1079 2802 ὑπομε,

17 2819 18 2822 ’
81 2824 200 2912 υόντων
218 2828 278 2893 τὸν
296 2830 408 2910 λόγον.
441 2824 554 2910 ἐπειδὴ
573 2822 604 2890 θ’
623 2824 786 2891 ἐπαύσατο
806 2824 824 2889 ὅ
842 2847 877 2889 τε
895 2825 1082 2902 συνύπατος

17 2935 18 3016 λ
84 2926 173 2996 αὐτοῦ
210 2932 405 3019 Οὐεργίνιος
436 2933 563 3016 πολλὴν
596 2930 772 3015 ἐποιήσατο
804 2934 1004 3016 κατηγορίαν
1037 2932 1080 3008 ὡς
1094 2946 1121 2988 2⁵

84 3035 188 3104 στάσιν
210 3035 412 3123 εἰσάγοντος,
434 3040 489 3104 καὶ
513 3048 580 3103 τῶν
603 3039 714 3103 ἄλλων
735 3041 926 3121 βουλευτῶν
936 3039 985 3102 ,τοί
1004 3059 1081 3121 πρε-

17 3119 19 3200 ί
84 3143 229 3222 σβύτατοί
247 3169 281 3210 τε
303 3143 359 3210 καὶ
381 3146 581 3230 τιμιώτατοι,
603 3144 744 3229 μάλιστα
768 3139 798 3208 θ’
813 3141 952 3220 ’Ἄππιος
970 3145 1081 3207 Κλαύ-

17 3239 18 3244 Ὶ
84 3245 155 3325 όιος·
184 3249 238 3318 καὶ
267 3251 363 3339 μέχρι
393 3257 517 3340 πολλῆς
547 3243 633 3337 ὥρας
662 3248 864 3336 ἠγριωμένοι
892 3270 927 3312 τε
956 3245 1011 3312 καὶ
1040 3248 1080 3312 τὰ

144 3412 158 3460 2
177 3407 243 3464 ὥστε
262 3407 390 3471 ἅπαντας
409 3408 431 3463 Ο
450 3407 557 3462 correxi
622 3413 656 3461 14
674 3407 813 3477 πολεμίων
832 3406 856 3458 Α
919 3409 952 3459 18
971 3402 1080 3467 πάντας

85 3469 104 3524 0
120 3475 239 3542 ἅπαντας
256 3479 399 3549 Kieseling
