2538 3884
135 203 203 269 400
560 204 728 256 -ο-
858 169 861 176 ’

135 363 190 431 καὶ
224 365 450 451 συμβαλόντες
480 373 550 442 τοϊς
572 362 744 448 Ῥωμαίοις
771 365 892 450 ἅνδρες
919 361 1043 448 ἀγαθοὶ
1070 367 1151 431 κατὰ

103 475 196 540 3τὸν
226 469 340 555 ἀγῶνα
369 471 520 555 ἐγίνοντο
551 468 646 557 μέχρι
675 475 812 538 πολλοῦ.
861 474 1027 556 μαθόντες
1056 469 1087 537 δ’
1117 471 1152 536 ἐκ

119 587 206 644 ιτῶν
233 579 320 644 κατὰ
341 580 451 645 νύτου
477 587 638 663 φρουρῶν
664 600 752 655 τινες
778 581 1045 662 καταβαίνουσαν
1069 574 1152 662 ὑπὲρ

137 686 245 770 ὄχθου
272 685 430 771 στρατιὰν
455 683 624 768 ὑπέλαβον
645 685 740 767 ήκειν
761 685 821 750 τὸν
845 683 959 769 ἕτερον
981 695 1048 750 τῶν
1069 683 1153 749 ὑποί-

112 809 206 857 οτιον
229 793 353 876 ύγοντα
375 792 437 875 τήν
459 793 523 856 σὺν
542 790 631 878 αὐτῷ
650 790 807 876 δύναμιν,
830 788 885 856 καὶ
904 792 1084 874 δείσαντες,
1106 792 1151 874 μή

136 902 341 964 κυκλωθεῖεν
373 894 431 962 ὐπ’
464 897 606 982 ἀμφοῖν,
638 892 750 962 οὐκέτι
781 895 967 981 διέμειναν,
999 893 1072 962 ἀλλ’
1105 898 1153 974 είς

136 1004 250 1088 φυγήν
272 1001 455 1090 τρέπονται.
492 1002 658 1090 ἐντούτῳ
681 1009 727 1090 τῷ
751 1000 857 1087 ἀγῶνι
880 1003 916 1069 οἵ
934 999 970 1068 θ’
994 1002 1152 1086 ἡγεμόνες

137 1109 248 1176 αὐτῶν
267 1107 449 1196 ἀμφότεροι
467 1111 631 1192 γενναίων
649 1107 784 1195 ἀνδρῶν
803 1111 883 1193 ἔργα
898 1107 1151 1193 ἀποδειξάμενοι

135 1219 309 1300 πίπτουσι,
345 1213 401 1281 καὶ
433 1216 529 1280 ἄλλοι
560 1211 679 1280 πολλοὶ
711 1217 892 1299 μαχόμενοι
923 1211 999 1302 περὶ
1031 1213 1214 1292 αὐτοὺςιειν
1243 1205 1245 1214 ’

97 1341 124 1380 1ο
138 1317 272 1404 ἀγαθδί·
303 1321 339 1387 oc
364 1317 401 1386 δὲ
423 1324 587 1407 φυγόντες
610 1319 646 1387 ἐκ
668 1329 725 1406 τῆς
747 1321 851 1407 μύχης
873 1322 920 1400 είς
942 1322 1001 1398 τὰς
1023 1317 1150 1386 ἑαυτῶν

100 1426 268 1494 4ἕκαστοι
303 1429 464 1514 πατρίδας
488 1407 739 1505 σκεδασθέντες
771 1427 993 1514 ἀνεχώρησαν.
1046 1426 1082 1492 ἐκ
1113 1423 1150 1492 δὲ

136 1534 257 1600 τούτου
279 1534 407 1618 πολλήν
430 1533 546 1598 ἄδειαν
564 1534 677 1617 λαβὼν
697 1533 715 1600 ὁ
732 1535 917 1619 Λοκρήτιος
935 1536 1072 1620 ἔφθειρε
1090 1534 1149 1616 τήν

136 1641 294 1706 Αἰκανῶν
321 1648 400 1724 γῆν,
427 1636 482 1705 καὶ
509 1639 710 1726 Οὐετούριος
736 1640 798 1724 τήν
823 1640 1062 1723 Οὐολούσκων,
1091 1637 1150 1716 ἕως

137 1745 155 1810 ὁ
185 1756 252 1810 τῶν
282 1743 502 1831 ἀρχαιρεσίων
534 1743 651 1830 ἐπέστη
680 1748 803 1830 καιρός.
848 1749 922 1812 τότε
952 1743 982 1810 δ’
1009 1745 1150 1830 ὐναστή-
1252 1767 1256 1774 ’

98 1869 123 1912 ιο
137 1866 254 1928 σαντες
275 1852 332 1927 τὰς
355 1852 513 1938 δυνάμεις
535 1848 665 1937 ἀπῆγον
689 1850 739 1918 ἐπ’
767 1858 862 1919 οίκου
885 1849 941 1918 καὶ
963 1854 1148 1936 κατήγαγον

137 1953 320 2042 ἀμφότεροι
342 1960 420 2034 τοὺς
443 1957 625 2036 ἐπινικίους
647 1959 847 2045 θριάμβους·
871 1961 1056 2046 Λοκρήτιος
1077 1956 1149 2042 με’ν,

137 2061 191 2128 ἐπὶ
208 2072 269 2129 τοῦ
287 2050 473 2150 τεθρίππου
490 2065 758 2150 παρεμβεβηκώς,
782 2064 982 2151 Οὐετούριος
1001 2061 1039 2129 δὲ
1057 2065 1149 2142 πεζὸς

137 2171 349 2238 εἰσελαύνων.
394 2171 456 2236 δύο
489 2171 551 2256 γὰρ
584 2166 677 2237 οὗτοι
709 2174 872 2256 θρίαμβοι
902 2172 1052 2237 δίδονται
1081 2181 1149 2247 τοῖς

136 2275 296 2359 ήγεμύσιν
323 2276 388 2341 ὑπὸ
412 2283 469 2360 τής
491 2280 630 2360 βουλῆς,
659 2277 767 2362 ὥσπερ
791 2278 892 2362 ἔφην,
907 2277 959 2341 τὰ
982 2273 1044 2360 μὲν
1066 2278 1148 2342 ἄλλα
1247 2289 1253 2300 “

99 2400 126 2440 εο
139 2383 268 2463 ἔχοντες
291 2388 357 2467 ίσα,
380 2391 425 2470 τῷ
448 2378 486 2446 δὲ
508 2385 567 2449 τὸν
590 2379 651 2468 μὲν
675 2383 809 2448 ίππικὸν
832 2377 930 2467 εἶναι,
952 2383 1012 2447 τὸν
1035 2379 1072 2447 δὲ
1094 2404 1149 2446 πε-

138 2490 243 2571 ζικόν,
266 2485 485 2573 διαφέροντες.

209 2686 324 2742 3τινος
340 2679 367 2733 Α
452 2687 485 2734 17
504 2687 553 2734 τοῦ
572 2679 628 2735 del.
647 2696 670 2734 c.
689 2679 793 2734 Roiske
880 2677 945 2733 19*
955 2677 990 2733 τδι
1009 2677 1060 2749 μεν
1079 2679 1148 2733 ἄλλα

136 2756 238 2818 ταμείοι
256 2750 374 2805 ΔΒΙοτ.
393 2771 419 2820 μ
440 2750 466 2806 E.
485 2757 571 2821 ταμῑα
589 2751 708 2824 Βεβρα
690 2753 773 2824 αβεῐοι
790 2751 837 2805 vel
854 2751 988 2831 πρεσβειοι
1008 2768 1030 2804 ο.
1044 2741 1147 2804 Βεὶεῐιε

138 2827 262 2900 πρμπεῖα
285 2820 392 2875 Grimm
409 2823 487 2876 Lect.
505 2821 587 2876 Diom
607 2821 644 2876 IV
663 2841 691 2892 p
712 2828 758 2891 15,
785 2821 820 2876 τδι
842 2828 922 2891 τιμῆς
945 2819 1069 2874 Simonis
1087 2821 1148 2874 Em.

136 2889 217 2947 Dion.
232 2893 302 2958 128,
320 2891 414 2947 πάντα
433 2892 564 2947 Schnelle
581 2892 653 2947 Ann.
667 2892 737 2963 phil.
755 2899 866 2962 1857ρ.
881 2898 943 2960 377,
961 2893 1008 2962 τίμ
1009 2911 1039 2945 ιιι
1053 2890 1147 2946 Kiess-

136 2960 205 3103 lpiffi
225 2977 278 3030 ego
305 2969 407 3088 ταμεῐα
388 2979 532 3018 avonem
561 2979 594 3016 ex
621 2963 677 3018 ditt
651 2964 815 3033 ttographia
837 2965 935 3018 natam
959 2912 1053 3017 delevi
1075 2963 1149 3017 Ann.

543 3272 739 3307 -ομ-
