2484 3876
491 203 657 254 -H-
1018 200 1081 266 167

81 360 183 439 ἔξοδον
207 364 330 448 κομιδῇ
357 361 434 441 νέος
460 364 524 447 ὤν,
556 363 610 430 ὅτε
637 366 720 448 πρὸς
746 365 824 440 τοὺς
849 367 997 448 βασιλεῖς
1023 365 1082 450 βίᾳ

76 470 235 545 κατιόντας
252 469 494 554 ἠγωνιζόμεθα.
526 468 563 535 ἐκ
581 470 701 553 ταύτης
714 479 772 554 τῆς
785 469 890 555 μάχης
903 469 1082 556 ἀριστείοις

78 573 252 659 ἀνεδούμην
265 576 334 642 ὑπὸ
348 585 409 642 τοῦ
427 585 612 663 στρατηγοῦ
630 576 807 663 στεφάνοις
823 579 964 660 πολίτην
979 575 1081 663 ὑπερ-

77 684 202 758 ασπίσας
223 679 282 747 καὶ
305 681 466 767 πολέμιον
492 681 696 760 ἀποκτείνας.
745 679 851 748 ἔπειθ’
879 683 959 759 ὅσας
980 683 1082 759 άλλας

78 788 195 865 ίππικάς
221 786 280 854 καὶ
307 789 440 867 πεζικὰς
464 788 680 874 ἠγωνισάμην
706 787 827 874 μάχας,
854 785 1017 874 ἐπιφανής
1043 773 1121 886 ἐνῧ15

76 890 201 970 άπάσαις
219 893 385 980 ἐγενόμην
402 893 458 961 καὶ
475 895 643 980 τάριστεία
662 893 695 973 ἐξ
714 892 852 960 ἁπασῶν
870 896 1004 979 ἔλαβον·
1025 892 1080 959 καὶ

28 999 140 1063 ιτιοούτε
160 1003 258 1078 πόλις
283 1000 320 1066 ἐκ
341 1005 549 1088 τειχομαχίας
572 999 657 1067 ἑάλω
679 1024 740 1085 τις,
761 996 801 1086 ἠς
822 999 885 1068 οὐκ
908 999 972 1084 ἐγὼ
992 1011 1081 1087 πρῶ-

75 1129 120 1182 τος
144 1103 266 1192 ἐπέβην
295 1107 316 1192 ἠ
344 1111 447 1192 μόνος
472 1107 493 1192 ἠ
517 1111 581 1174 σὺν
604 1108 744 1193 ὀλίγοις,
772 1109 848 1174 οὔτε
870 1107 961 1192 φυγή
983 1113 1080 1174 πολε-

75 1215 148 1292 μίων
174 1212 211 1278 ἐκ
233 1212 446 1300 παρατάξεως
473 1212 620 1298 ἐγένετο,
647 1209 686 1298 ἠς
713 1213 775 1280 ούκ
801 1210 858 1299 ἐμὲ
885 1214 1080 1281 αἰτιώτατον

75 1317 220 1398 γενέσθαι
252 1320 375 1398 πάντες
402 1321 438 1386 οί
463 1323 624 1406 παρόντες
651 1321 862 1406 ὡμολόγουν,
893 1316 967 1386 οὔτ’
996 1321 1079 1387 ἄλλο
1095 1343 1120 1382 ω

74 1435 131 1489 τῶν
154 1431 319 1512 λαμπρῶν
346 1426 366 1510 ἠ
394 1430 559 1509 γενναίων
586 1424 625 1492 ἐν
651 1423 808 1510 πολέμοις
837 1427 946 1512 ἐργων
973 1422 1079 1492 ούθέν

77 1530 144 1595 ἄνευ
171 1541 229 1616 τῆς
258 1532 338 1617 ἐμής
365 1529 425 1598 εἴτ’
456 1531 632 1618 εὐτολμίας
657 1530 717 1598 εἴτ’
745 1533 897 1618 εὐτυχίας
919 1529 1079 1617 ἐπράχθη.

130 1635 230 1703 XXX.
269 1637 338 1704 Καὶ
359 1636 455 1704 ταυτὶ
476 1635 539 1723 μὲν
562 1646 641 1718 ἴσως
662 1638 706 1706 ἂν
729 1642 798 1726 ἔχοι
819 1662 869 1715 τις
890 1636 946 1703 καὶ
969 1637 1079 1727 ἕτερος

77 1738 147 1827 ὑπὲρ
167 1745 274 1812 αὑτοῦ
297 1756 450 1829 γενναῖος
473 1743 570 1832 άνήρ,
593 1748 624 1812 εί
640 1747 685 1830 μή
703 1744 760 1811 καὶ
777 1753 932 1830 τοσαῦτα,
955 1741 1079 1829 λέγειν·

78 1845 147 1914 ἀλλὰ
172 1854 276 1918 πόλιν
302 1852 385 1935 ὅλην
411 1855 461 1929 τίς
493 1849 622 1920 δύναιτ’
654 1851 697 1917 &v
722 1854 954 1938 καυχήσασθαι
981 1868 1079 1938 στρα-
1093 1873 1119 1913 ιε

78 1957 161 2036 τηγὸς
185 1957 206 2042 ἠ
235 1960 379 2044 λοχαγὸς
406 1956 507 2041 ἑλών,
534 1958 644 2042 ὥσπερ
672 1955 736 2041 ἐγὼ
763 1958 824 2041 τήν
848 1959 1078 2045 Κοριολανῶν,

79 2058 201 2148 καὶτῆς
228 2063 330 2148 αὐτῆς
356 2060 480 2147 ἡμέρας
506 2061 525 2127 ὁ
552 2061 651 2139 αὐτὸς
677 2060 762 2147 ἀνὴρ
795 2062 953 2147 στρατιάν
981 2068 1078 2129 πολε-

79 2169 150 2246 μίαν
170 2171 388 2255 τρεψάμενος,
411 2170 521 2256 ὥσπερ
540 2167 604 2252 ἐγὼ
622 2170 684 2253 τήν
703 2165 881 2233 Ἀντιατῶν
900 2167 1078 2253 ἐπίκουρον

80 2283 135 2349 τοῖς
153 2272 448 2361 πολιορκουμένοις
475 2273 694 2359 άφικομένηνς
721 2272 764 2339 ἐῶ
787 2273 851 2360 γὰρ
874 2270 999 2356 λέγειν,
1026 2272 1113 2341 ὅτι2

79 2382 214 2458 τοιαύτας
243 2379 361 2466 ἀρετὰς
391 2379 664 2464 ἀποδειξάμενος,
698 2378 773 2457 ἐξόν
805 2402 863 2463 μοι
893 2381 1009 2463 λαβεῖν
1040 2375 1077 2444 ἐκ
1091 2403 1117 2442 ιο

81 2494 134 2549 τῶν
158 2487 319 2573 λαφύρων
345 2489 453 2552 πολὺν
480 2481 542 2570 μὲν
568 2487 708 2570 χρυσόν,
734 2487 843 2550 πολὺν
871 2481 900 2549 δ’
928 2485 1077 2571 α”ργυρον

82 2586 259 2676 άυόράποθά
285 2615 319 2657 τε
346 2589 402 2657 καὶ
428 2592 588 2675 ὑποζύγια
619 2587 675 2656 καὶ
705 2592 896 2676 βοσκήματα
926 2587 981 2656 καὶ
1013 2597 1078 2675 γήν

40 2699 189 2784 ινῐτολλήν
212 2697 268 2764 καὶ
291 2697 424 2782 άγαθήυ
443 2697 505 2763 οὐκ
527 2696 663 2781 ἠξίωσα,
686 2694 760 2763 ἀλλ’
781 2696 1013 2782 ἀνεπίφθονον
1033 2698 1078 2776 ὡς

84 2801 203 2881 μάλιστα
239 2801 420 2890 βουληθεὶς
454 2802 598 2888 ἐμαυτὸν
638 2814 837 2889 παρασχεῖν,
876 2804 1077 2890 πολεμιστὴν

85 2904 166 2975 ἵππον
195 2910 255 2977 ἕνα
284 2911 391 2994 μόνον
421 2906 457 2974 ἐκ
489 2919 557 2974 τῶν
589 2909 748 2994 λαφύρων
778 2911 900 2993 ἔλαβον
930 2908 985 2975 καὶ
1017 2913 1076 2976 τὸν
1090 2931 1118 2972 ιε

85 3007 208 3092 ἐμαυτοῦ
227 3013 324 3094 ξένον
342 3013 380 3080 ἐκ
397 3024 464 3079 τῶν
482 3015 710 3100 αίχμαλύτων,
728 3015 787 3080 τὸν
806 3011 839 3079 θ’
857 3015 960 3081 ἄλλον
974 3021 1076 3081 πλοῦ-

139 3177 152 3224 ό
169 3170 371 3242 ἠγωνισάμεθα
390 3187 413 3226 c.
427 3169 572 3240 Kiessling
625 3176 642 3225 8
659 3165 793 3246 *ἐπέβην
840 3171 892 3226 σύν
906 3171 1009 3239 ὀλίγοις
1022 3169 1075 3223 ΑΒ

87 3229 103 3289 ἒ·
115 3235 130 3306 ἢ
142 3242 233 3311 μόνοις
246 3240 264 3310 ἠ
280 3260 304 3297 ο.
319 3242 343 3296 ό.
358 3239 379 3296 G
413 3241 478 3305 ύνος
492 3240 653 3296 addendum
667 3257 728 3296 esse
747 3168 827 3310 ευλή
843 3243 895 3296 σύν
909 3241 1013 3308 ὀλίγοις
1026 3240 1076 3294 de—

87 3303 178 3368 lendum
195 3331 256 3369 οεεο
275 3316 372 3369 censet
388 3261 512 3366 Xeudler
528 3311 618 3367 Τίιοα.
639 3313 700 3367 crit.
718 3329 746 3381 p.
765 3318 799 3368 56
873 3317 906 3365 10
925 3309 989 3364 ούτε
1008 3309 1075 3366 ἄλλο

87 3379 190 3461 ίνξμπρίιν
207 3382 225 3454 ἠ
244 3389 377 3454 γενναῖον
398 3379 430 3438 ἐν
448 3382 516 3439 πολέ
537 3403 579 3445 οις
598 3381 680 3454 ἐργον
700 3383 722 3436 Α
830 3387 864 3434 14
883 3378 910 3435 εί
926 3381 976 3435 καὶ
994 3381 1031 3452 μή
1051 3401 1076 3439 ο.

87 3443 207 3526 Κιοεελὶιιρ
231 3463 235 3525 Ι
258 3456 350 3532 αὑτοῦ
369 3453 394 3507 Α
413 3403 541 3509 αύτοῡβ
1010 3467 1012 3471 ·
