2496 3878
141 155 183 219 68
565 156 726 205 -z-

140 317 180 381 τὰ
207 316 363 401 κράτιστα
390 315 630 400 συνεβούλευες
656 315 787 391 τούτοις
808 311 863 379 καὶ
887 316 1091 398 συνήνεγκεν
1113 313 1157 379 ἀν

139 430 178 506 τῇ
205 425 301 487 πόλει
327 431 429 488 ταῦτα
457 423 635 506 γενόμενα,
667 427 732 486 είτε
762 420 808 497 ὡς
839 420 901 486 οὐκ
928 423 997 486 ἐστι
1025 422 1159 486 δίκαιον
1232 447 1233 512 χ

140 532 250 611 λόγων
278 527 426 605 εὐθύνας
452 525 588 612 ὑπέχειν
615 529 693 604 τοὺς
715 524 1006 613 ἀποφαινομένους
1032 525 1160 592 ἐνθάδε

141 636 199 712 τὰς
221 635 366 719 γνώμας,
389 639 454 699 είτε
477 633 523 710 ὡς
545 632 662 700 οὐκέκ
684 637 845 720 προνοίας
866 628 947 700 οὐδὲ
970 631 1161 717 ἐπιβουλῆς,

115 737 214 806 τεάλλ’
241 740 324 826 ὀργῇ
351 736 528 824 ἐπιτρέψας
554 739 595 805 τὰ
623 739 725 824 μιαρὰ
750 748 855 804 ταῦτα
880 750 1056 824 παραινεῖν
1077 761 1162 826 προ-

106 848 264 932 4ήχθης,
290 843 357 912 εἴθ’
388 846 563 928 ὁτιδήποτε
592 845 675 913 ἀλλο
701 844 896 930 ἀπολόγημα
924 847 1015 931 ἔχεις.
1060 869 1163 911 κατα·

141 956 282 1037 βίβασον
310 951 374 1019 ἀπὸ
403 963 470 1018 τῶν
497 951 722 1038 ὑπερηφάνων
749 949 805 1017 καὶ
826 962 1036 1038 τυραννικῶν
1057 951 1164 1037 αὐχη-

143 1059 255 1143 μάτων
270 1057 408 1124 ἐκείνων
418 1060 559 1124 σεαυτὸν
573 1056 627 1123 ἐπὶ
640 1060 677 1123 τὸ
693 1059 969 1144 δημοτικώτερον,
982 1053 1009 1122 ό)
1022 1057 1164 1144 πονηρέ,
1232 1063 1233 1158 ή

143 1161 199 1229 καὶ
225 1167 366 1247 ποίησον
388 1165 453 1248 ήδη
480 1159 559 1229 ποτὲ
587 1176 658 1242 τοῖς
680 1166 795 1243 ἀλλοις
816 1163 1009 1252 ἀνθρώποις
1032 1165 1164 1250 ὅμοιον.

49 1285 66 1315 ,a
104 1283 130 1323 1⁰
143 1269 368 1357 ἡμαρτηκότος
395 1266 476 1352 λαβέ
505 1268 560 1335 καὶ
583 1269 850 1356 παραιτουμένου
874 1279 982 1357 σχῆμα
1004 1275 1166 1338 ταπεινόν

144 1373 243 1460 <καὶ>
262 1375 420 1460 ἐλεεινόν,
439 1366 513 1442 οἷον
534 1376 732 1443 ἀπαιτοῦσιν
751 1377 789 1442 αί
805 1381 983 1463 συμφοραί
1019 1379 1064 1462 μὴ
1087 1382 1166 1463 βια-

145 1484 279 1565 ζόμενος
310 1485 388 1559 τοὺς
420 1493 528 1561 κακῶς
563 1486 792 1567 πεπονθότας,
828 1479 900 1548 ἀλλ’
935 1483 1167 1569 ὑπερχόμενος
1232 1469 1233 1535 δ

110 1581 240 1667 δάξίου
269 1589 443 1667 σώζεσθαι.
487 1587 638 1672 γενέσθω
667 1605 722 1654 σοι
748 1588 956 1674 παράδειγμα
982 1599 1039 1674 τῆς
1062 1587 1222 1658 ἐττει-141

144 1697 249 1777 κείας,
277 1687 305 1780 ᾖ
328 1696 498 1780 χρώμενος
524 1694 566 1760 ἀν
594 1702 664 1779 είης
691 1697 776 1781 πρὸς
801 1699 880 1774 τοὺς
902 1697 969 1780 ἀμα
991 1701 1168 1762 πολιτευο-
1232 1781 1233 1784 ¹

105 1797 267 1883 τεμένους
290 1799 523 1887 ἀνεπίληπτος,
550 1802 590 1866 τὰ
613 1813 680 1867 τῶν
703 1800 842 1886 ἀγαθῶν
864 1802 992 1868 τούτων
1014 1805 1106 1889 ἔργα,
1129 1807 1172 1869 οἳ

145 1913 300 1971 τοσοῦτοι
322 1902 384 1989 μέν
408 1907 501 1984 όντες
522 1909 560 1973 τὸ
584 1912 724 1993 πλῆθος,
747 1908 855 1985 ὅσους
869 1918 934 1974 νῦν
951 1907 1050 1986 αὐτὸς
1069 1910 1169 1996 ὁρᾷς,
1232 1891 1233 1962 δ

144 2013 306 2104 τοσαύτας
328 2009 359 2075 δ’
385 2011 502 2098 ἀρετὰς
532 2011 807 2097 ἀποδεδειγμένοι
829 2011 885 2079 καί
907 2015 1083 2098 πολεμικάς
1106 2013 1171 2080 καὶ
1232 2014 1233 2090 λ

145 2117 329 2201 πολιτικάς,
361 2117 399 2194 ἀς
432 2117 504 2184 οὐδ’
535 2118 572 2184 ἐν
605 2125 716 2207 πολλῷ
749 2120 838 2185 πάνυ
869 2123 980 2209 χρόνῳ
1013 2122 1171 2187 διελθεῖν
1232 2133 1233 2188 ff

148 2221 278 2312 ῥᾴδιον,
302 2219 403 2290 οὐδὲν
428 2225 519 2310 ὠμὸν
542 2223 616 2291 οὐδ’
637 2225 852 2312 ὑπερήφανον
876 2225 1053 2311 ἐξήνεγκαν
1069 2226 1173 2306 τέλος
1232 2229 1233 2276 ἶ

108 2357 133 2398 ιο
147 2326 225 2396 καθ’
252 2331 346 2417 ἡμῶν
374 2340 441 2398 τῶν
469 2333 607 2416 φαύλων
635 2330 692 2398 καὶ
718 2344 882 2398 ταπεινῶν
910 2334 946 2399 οί
971 2330 1085 2417 σεμνοί
1109 2333 1174 2400 καὶ
1232 2353 1233 2362 ’

148 2438 303 2522 μεγάλοι,
333 2430 417 2503 ἀλλά
446 2438 502 2504 καὶ
533 2442 643 2524 λόγων
673 2433 776 2525 ήρξαν
807 2443 1040 2525 συμβατηρίων
1068 2439 1175 2506 αὐτοὶ
1232 2515 1233 2520 1

147 2545 303 2629 πρότεροι
335 2549 565 2629 προτείνοντες
597 2545 792 2629 διαλλαγάς,
828 2545 882 2610 ὅτε
920 2547 1044 2612 διεῖλεν
1079 2546 1176 2630 ἡμᾶς
1232 2579 1233 2614 ÷

150 2645 203 2709 ἀπ’
221 2646 375 2731 ἀλλήλων
393 2651 413 2735 ἡ
433 2653 526 2736 τύχη,
544 2649 673 2728 καὶτὰς
695 2652 874 2736 συμβάσεις
892 2652 953 2738 οὐχ
973 2653 1017 2730 ὡς
1035 2649 1177 2731 ἑαυτοῖς

150 2749 384 2834 ὑπελάμβανον
414 2755 531 2839 ἀριστα
565 2755 667 2842 ἐξεινΙ,
703 2754 774 2821 ἀλλ’
809 2758 853 2835 ὡς
884 2755 977 2842 ἡμεῖς
1006 2757 1177 2842 ἠξιοῦμεν
1232 2801 1233 2804 =

225 2911 237 2959 1
255 2906 530 3029 ⁶v5v8fi>m5meeB
547 2913 552 2980 1
567 2911 633 2978 post
651 2910 759 2973 τούτοις
776 2912 895 2980 praebet
909 2911 936 2968 εί
953 2913 1029 2967 ΑΒιι
1048 2915 1103 2968 εἴτε
1119 2914 1176 2970 Bb
1232 2877 1233 2903 ¹

151 2976 205 3032 del.
221 2976 302 3030 Kiess
315 2979 365 3048 ing
380 2984 385 3048 Ι
401 2978 576 3049 συνήνεγκαν
592 2979 628 3034 ἀν
643 2981 666 3034 Ο
681 2981 833 3051 συνήνεγκε
854 2983 975 3054 Sylburg
994 2984 1178 3054 συνήνεγκεν

152 3047 188 3102 ἀν
202 3046 346 3118 Kiessling
417 3052 504 3105 λούκ
519 3048 560 3104 ἐτι
574 3053 692 3106 δικαίων
707 3054 795 3122 λόγων
810 3054 841 3121 A¹
907 3057 999 3110 λείτε
1017 3057 1068 3125 οὑχ
1086 3056 1127 3118 ὡς
1148 3057 1178 3112 Ο

153 3135 221 3173 corr.
241 3117 363 3190 Sylburg
435 3121 514 3176 όότι
531 3120 638 3193 μήποτε
658 3123 709 3176 ΑΒ
732 3127 736 3191 Ι
758 3122 862 3194 ἕκηεΒ
935 3127 1126 3196 Βδημοτικδν
1148 3129 1182 3182 A
1232 3187 1233 3190 ,

152 3190 378 3260 δημοτικώτατον
396 3191 419 3246 Β
439 3194 660 3294 δημοτικώτερον
679 3211 702 3250 ο.
722 3195 844 3264 Sylburg
916 3202 948 3250 11
969 3192 1092 3252 ἐλεεινόν
1113 3199 1180 3256 del.
1232 3247 1233 3254 ,

153 3259 242 3316 Cobet
256 3261 321 3317 obs.
336 3281 363 3332 p.
381 3264 453 3333 1441
493 3264 542 3320 καὶ
556 3281 609 3334 ego
624 3265 722 3319 addidi
778 3273 810 3320 14
825 3265 984 3338 <εέη>ςΒὺ
1040 3269 1182 3326 16*νῢν

152 3329 264 3452 δΚρίΞχΒῙιῗ
288 3333 371 3397 αὐτὸς
390 3334 498 3410 ὑρᾴςΒ
522 3344 574 3390 νῦν
593 3336 677 3399 αὑτὸς
696 3336 763 3412 δρᾷς
781 3352 834 3404 ogo
915 3343 947 3391 18
966 3339 1129 3404 διεξελθεῖν
1152 3359 1182 3399 c.

258 3418 297 3468 ΠΕ
