2496 3878
528 206 691 256 —z-
1073 201 1115 266 ιι

82 365 172 449 ἡμῖν
206 365 271 448 τήν
305 364 423 430 στάσιν
455 373 554 431 τοῦτο
582 365 801 451 συνεχωρήθη
830 367 866 430 τὸ
895 366 1027 430 δίκαιον
1053 362 1113 450 ὑφ’

83 471 205 555 ὑμῶν,
235 471 318 536 ὅταν
341 472 378 537 οί
398 471 561 557 δήμαρχοι
584 471 797 554 συναγάγωσι
820 473 880 537 τὸν
903 472 1010 555 δῆμον
1032 467 1116 557 ὑπὲρ

86 569 329 661 ὁτουδήτινος,
356 578 401 661 μή
428 588 583 664 παρεῖναι
606 585 645 662 τή
669 578 802 666 συνόδφ
826 579 904 654 τοὺς
924 581 1117 664 πατρικίους

84 680 164 767 μηδ’
192 681 362 768 ἐνοχλεϊν;
387 681 602 769 Μεμνήμεθ,
625 686 749 768 ἔφησεν
770 681 788 748 ὁ
812 683 981 766 Γεγάνιος.
1017 681 1072 748 καὶ
1097 683 1116 750 ὁ

82 793 246 874 Βροῦτος
268 787 444 874 ὑποφέρει·
481 793 524 854 Τί
540 784 604 855 οὑν
621 791 788 866 παθόντες
806 788 961 874 έμποδὼν
979 786 1111 855 ἵστασθ’
1144 817 1157 859 ι

82 894 169 978 ἡμῖν
194 893 254 960 καλ
274 895 336 960 οὐκ
355 895 427 960 ἐᾶτε
447 899 525 973 τοὺς
544 897 734 981 δημάρχους
752 895 773 960 ά
792 896 971 979 βούλονται
990 893 1114 978 λέγεινς

86 1000 311 1084 ἀποκρίνεται
338 1003 422 1084 πρὸς
448 1000 547 1068 ταῦθ’
580 1002 598 1068 ὁ
626 1002 801 1086 Γεγάνιος·
830 999 903 1067 Ὅτι
931 1000 994 1066 οὐκ
1021 999 1115 1067 αὑτοὶ

86 1107 326 1173 συνεκάλεσαν
348 1110 408 1173 τὸν
432 1110 539 1192 δῆμον
562 1110 610 1184 είς
632 1108 693 1192 τήν
717 1107 906 1192 ἐκκλησίαν,
928 1105 1000 1173 ἀλλ’
1023 1107 1116 1192 ἡμεῖς

85 1215 124 1278 οί
141 1213 282 1279 ύπατοι.
319 1216 351 1278 εί
368 1210 429 1298 μέν
448 1209 510 1280 οὖν
528 1215 593 1281 ὑπὸ
616 1213 783 1296 τούτωνή
808 1213 951 1290 σύνοδος
974 1211 1116 1297 ἐγένετο,

84 1316 200 1384 οὐθὲν
230 1319 275 1384 άν
301 1318 460 1404 ἠξιοῦμεν
488 1321 565 1386 οὔτε
596 1321 739 1386 κωλύειν
772 1321 848 1386 οὔτε
879 1324 1115 1405 πολυπραγμο-
1130 1347 1157 1386 ιο

83 1436 176 1490 νεῖν·
203 1424 319 1508 ἐπειδή
338 1423 368 1490 δ’
390 1425 484 1510 ήμεῑς
503 1427 735 1511 συνηγάγομεν
754 1427 815 1510 τήν
835 1426 1021 1510 ἐκκλησίαν,
1039 1423 1116 1510 ούχλ

26 1533 235 1609 ιισοτούτους
259 1530 434 1614 ἀγορεύειν
455 1534 645 1617 κωλύομεν,
673 1530 745 1598 ἀλλ’
771 1532 837 1599 ὑπὸ
864 1533 992 1598 τούτων
1019 1527 1115 1596 αύτολ
1198 1581 1202 1587 .

84 1639 288 1703 κωλύεσθαι
316 1639 356 1704 οὐ
385 1640 587 1724 δικαιοῦμεν.
625 1637 680 1704 καὶ
709 1638 728 1705 ὁ
752 1642 901 1724 Βροῦτος
924 1638 1148 1723 ὑποτυχών·5

77 1749 268 1828 Νικῶμεν,
291 1747 426 1829 ἔφησεν,
449 1741 474 1811 ὦ
495 1747 645 1830 δημόται,
668 1743 723 1810 καὶ
741 1746 1011 1830 παρακεχώρηται
1032 1741 1113 1829 ἡμῖν

85 1851 153 1917 ὑπὸ
179 1863 252 1916 τῶν
276 1851 449 1937 διαφόρων
472 1851 534 1917 ὅσα
556 1849 722 1936 ἠξιοῦμεν.
761 1860 826 1916 νῦν
849 1846 910 1935 μὲν
934 1843 996 1915 οὑν
1019 1851 1112 1915 άπιτε
1127 1875 1153 1916 ιε

86 1955 143 2020 καὶ
178 1958 359 2022 παύσασθε
391 1962 673 2042 φιλονεικοῦντες·
711 1957 832 2042 αὔριον
865 1953 895 2020 δ’
926 1955 1007 2040 ὑμῖν
1039 1956 1114 2022 ὑπι-

87 2072 261 2147 σχνοῦμαι
292 2064 443 2148 φανεράν
474 2064 626 2146 ποιήσειν
660 2062 743 2146 ὅσην
775 2064 862 2147 ἔχετε
897 2063 1002 2145 ἰσχύν.
1058 2058 1114 2126 καλ

87 2170 188 2253 ὑμεῖς
206 2165 255 2252 γ’,
274 2164 299 2233 ὦ
320 2171 495 2254 δήμαρχοι,
513 2169 771 2254 παραχωρήσατε
789 2168 902 2244 αὐτοῖς
915 2177 973 2251 τῆς
988 2165 1113 2253 άγοράς

89 2273 127 2339 έν
149 2283 199 2362 τῷ
224 2278 378 2360 παρόντι·
412 2275 453 2341 ού
476 2276 539 2360 γάρ
562 2276 610 2350 είς
635 2273 729 2350 τέλος
754 2275 1019 2360 παραχωρήσετε·
1052 2295 1112 2356 μα-

88 2383 214 2456 θάντες
243 2377 274 2445 δ’
302 2381 384 2446 ὅσον
411 2383 477 2466 ἔχει
504 2381 623 2463 κράτος
650 2381 745 2464 ὑμῶν
767 2378 787 2464 ή
812 2379 907 2465 άρχή
940 2379 1110 2461 γνώσεσθε
1126 2405 1152 2445 το

90 2488 153 2572 γάρ
180 2487 246 2551 οὐκ
263 2489 310 2564 είς
328 2487 471 2573 μακράν·
495 2486 559 2570 ἐγὼ
578 2485 674 2553 τοῦθ’
697 2487 778 2570 ὑμῖν
796 2483 1000 2571 ὑποδέχομαι
1017 2486 1112 2567 ποιή-

90 2609 164 2658 σειν
179 2596 342 2678 φανερόν·
357 2591 579 2680 μετριωτέραν
594 2592 705 2658 αὑτῶν
715 2592 900 2658 ἀποδώσετε
915 2593 976 2674 τήν
989 2590 1111 2676 ὑπερη-
1169 2599 1171 2604 ’

90 2702 228 2782 φανίαν.
267 2698 326 2764 ἐὰν
354 2695 391 2762 δέ
414 2700 599 2783 φενακίζων
621 2697 706 2781 ὑμᾶς
729 2698 875 2783 εὑρεθῶ,
903 2695 1065 2782 χρήσασθ’
1092 2696 1110 2760 ὅ

90 2829 121 2868 τι
144 2802 318 2888 βούλεσθέ
338 2828 404 2888 μοι.

157 2909 267 2975 XVII.
293 2909 445 2986 Οὐθενὸς
463 2907 500 2975 δέ
514 2912 597 2996 πρὸς
609 2908 701 2975 ταῦτ’
719 2908 947 2987 ἀντιλέξαντος
962 2907 1109 2994 άπήεσαν
1124 2935 1150 2976 ιε

93 3016 127 3082 ἐκ
157 3027 216 3101 τῆς
249 3015 423 3100 ἐκκλησίας
455 3017 496 3082 οὑ
530 3017 589 3093 τὰς
620 3017 736 3100 ὁμοίας
767 3015 949 3098 ὑπολήψεις
981 3018 1111 3101 ἔχοντες
1170 3006 1174 3014 ’

220 3245 385 3368 ποθέντες
403 3242 450 3298 Bb
468 3245 653 3369 μαθόντεςΗ
677 3243 712 3298 cf.
732 3243 822 3298 Cobet
841 3243 944 3312 Obsp
947 3248 1020 3298 ,138
1093 3250 1108 3298 7

92 3249 179 3370 50n15.
198 3243 241 3368 A⁷¹
260 3313 364 3370 Oadd.
384 3313 458 3383 (λαις
533 3321 563 3368 11
585 3310 697 3370 &buezo
684 3314 747 3370 ὑο
771 3314 894 3367 Reudler
918 3261 1007 3368 Τίτου
1027 3331 1053 3383 p.
1075 3320 1109 3367 47

94 3393 125 3441 17
145 3405 239 3456 φρανε
242 3386 317 3440 ὸνο.
337 3385 387 3454 Syl
387 3386 460 3454 burg
475 3389 480 3450 Ι
496 3386 545 3440 καλ
563 3384 691 3455 ὑμεῐςδὲ
712 3384 894 3452 0.Kiessling
984 3391 1019 3439 20
1037 3386 1110 3453 γνά

94 3461 178 3512 οεοθε
196 3407 272 3512 δὲΒ
346 3462 379 3510 21
399 3453 574 3526 ὑποδέχομαι
592 3457 685 3510 Βὺπι
675 3463 822 3524 ιισχνοῦμα
813 3454 865 3507 ιΒ
