2484 3876
472 219 640 268 ..Η-

64 401 96 462 με
119 384 162 465 τςό
190 378 285 468 δήμω
313 379 484 463 κατάγετε,
515 378 598 464 τύχα
630 373 692 463 μὲν
718 376 775 443 καὶ
805 374 1064 463 βεβουλευμένοι

14 494 147 557 ιετςτοῦτο
163 485 331 570 πράττειν·
357 481 462 550 οὐθὲν
480 485 544 572 γὰρ
564 486 612 551 ἔτι
629 508 687 570 μοι
704 487 849 571 χρηστὸν
866 479 950 570 ὑπὲρ
968 483 1064 569 ὑμῶν

63 589 216 676 ἐπέρχεται
240 603 395 678 φρονεῖν·
425 593 457 656 εί
478 588 516 657 δὲ
538 592 704 676 βούλεσθε
726 627 769 638 -
792 593 909 676 τίθημι
932 591 996 675 γάρ
1019 585 1099 649 -2

3 747 4 750 η
62 693 149 762 οὐδέν
166 691 215 762 ὧν
233 701 389 782 πείσομαι
411 699 653 786 προορώμενοι,
675 701 711 762 τί
730 692 793 764 οὑν
816 699 906 763 ἔσται
926 720 984 781 μοι
1006 705 1064 780 τῆς

62 802 204 889 ὑμετέρας
227 803 367 887 ἀγνοίας
383 804 404 889 ἠ
422 808 550 891 μωρίας
567 805 698 888 ὄφελος,
720 803 864 869 κωλύειν
881 797 943 886 μὲν
962 797 1063 868 οὐδὲν
1090 818 1104 858 ⁶

62 907 121 974 οὐδ’
154 909 198 974 δν
231 901 300 976 οἶοι
330 906 387 994 ἠτε
424 908 679 994 δυνησομένων,
714 911 908 996 χαρίζεσθαι
939 904 977 973 δέ
1009 905 1064 972 καὶ

60 1025 143 1083 τοῦτο
165 1025 211 1104 τῷ
236 1017 332 1105 δήμρι
356 1017 420 1082 σὺν
441 1026 512 1094 τοῖς
533 1018 648 1093 ἄλλοις
667 1012 956 1100 ἀναγκαζομένους
981 1013 1065 1080 ἀλλὰ

60 1121 111 1206 γὰρ
132 1121 182 1187 ὅτι
205 1118 271 1206 μὲν
294 1122 336 1187 οὐ
358 1126 505 1188 συνοίσει
528 1145 586 1206 μοι
608 1124 691 1206 πρὸς
713 1121 897 1208 ἀσφάλειαν
918 1120 996 1204 ἠδε,
1021 1119 1065 1204 ἠν

60 1227 139 1310 ὑμεῖς
160 1225 225 1312 μὲν
248 1228 399 1295 κάθοδον
424 1232 567 1312 καλεῖτε,
594 1226 660 1311 ἐγὼ
689 1224 726 1293 δέ
749 1239 881 1314 ταχεῖαν
904 1228 987 1295 ὁδὸν
1010 1223 1064 1293 ἐπὶ

61 1335 108 1400 τὺν
132 1336 297 1419 ὄλεθρον,
325 1334 366 1400 ού
393 1337 527 1400 πολλῶν
555 1339 668 1419 οίομαι
695 1335 767 1398 δεῖν
790 1334 839 1398 ἔτι
860 1336 983 1416 λόγων·
1012 1331 1064 1398 ὅτι
1078 1347 1105 1388 1⁰

3 1509 5 1530 ρ
62 1437 86 1503 δ’
113 1437 190 1505 οὐδὲ
223 1443 310 1525 πρὸς
345 1438 499 1518 εὐδοξίαν
530 1439 551 1524 ἠ
583 1439 682 1523 τιμήν
714 1438 735 1523 ἠ
766 1441 849 1524 πρὸς
880 1436 1064 1522 εὐσέβειαν,

3 1555 5 1620 ἒ
62 1543 158 1631 ε’πειδή
181 1544 240 1612 καὶ
265 1549 308 1611 σὺ
329 1547 468 1630 τούτων,
492 1541 518 1610 ὦ
540 1545 708 1630 Μηνύκιε,
729 1547 893 1632 πρόνοιαν
913 1545 1001 1628 ἔχειν
1024 1565 1064 1628 με

61 1650 173 1737 ἠξίους,
201 1647 243 1718 εὖ
270 1662 393 1735 ποιῶν,
420 1649 494 1718 ἀλλ’
520 1650 672 1737 αίσχιστύ
698 1674 756 1736 μοι
780 1647 836 1716 καὶ
859 1648 1064 1714 ἀνοσιώτατα

4 1777 5 1782 ’
63 1761 276 1844 πραχθήσεται
293 1755 465 1824 πεισθέντι
483 1757 575 1843 ὑμῖν,
593 1759 739 1823 ύκουσον
757 1755 852 1844 ἐντῷ
867 1753 968 1841 μέρει.
999 1753 1099 1838 έμὼδ

62 1863 201 1949 πολέμιος
231 1864 395 1950 ἐγενόμην
426 1865 557 1941 τούτοις
585 1863 838 1947 [Οὐολούσκοις]
870 1860 927 1928 καί
957 1861 1064 1928 πολλὰ
1080 1876 1105 1919 1⁶

2 1969 3 2014 ν
64 1968 189 2053 ἠδίκησα
217 1971 342 2048 αὑτοὺς
369 1970 405 2037 έν
432 1980 478 2060 τῷ
507 1969 656 2059 πολέμῳ,
685 1979 725 2056 τῇ
751 1971 886 2054 πατρίδι
912 1967 1065 2054 πρύττον

64 2074 230 2161 ἠγεμονίαν
257 2076 313 2144 καὶ
341 2080 438 2165 ίσχὺν
467 2076 522 2143 καὶ
544 2075 647 2154 κλέος.
693 2075 817 2143 οὐκοῦν
839 2073 988 2160 προσῆκέ
1008 2097 1065 2158 μοι

21 2191 207 2265 ιεῑιτιμᾶσθαι
236 2181 299 2268 μὲν
326 2184 390 2250 ὑπὸ
416 2193 485 2250 τῶν
513 2177 550 2249 εὑ
572 2184 809 2264 πεπονθότων,
836 2185 1006 2266 μισεῖσθαι
1029 2173 1060 2242 δ’

2 2321 3 2376 ρ
65 2285 117 2354 ὑπὸ
138 2301 205 2356 τῶν
228 2288 454 2374 ἠδικημένους
477 2290 509 2354 εί
530 2299 615 2372 γοῦν
632 2299 750 2354 τιτῶν
768 2289 907 2352 είκότων
924 2282 1064 2367 ἐγένετο.

45 2391 208 2480 ’ἀνέτρεψε
229 2395 261 2462 δ’
282 2395 452 2482 ἀμφότερα
473 2391 572 2461 ταῦθ’
598 2394 620 2478 ἠ
643 2395 737 2480 τύχη,
759 2390 815 2458 καί
838 2393 884 2468 είς
906 2390 1064 2456 τάναντία
1078 2405 1107 2447 2⁰

68 2499 209 2588 μετέθηκε
234 2505 292 2581 τὰς
313 2501 471 2582 ἀξιώσεις.
516 2502 610 2586 ὑμεῖς
631 2497 694 2585 μὲν
715 2500 791 2583 γάρ,
813 2493 897 2581 ὑπὲρ
921 2491 968 2562 ὧν
990 2497 1065 2561 τού-

67 2629 123 2684 τοις
137 2607 261 2695 έχθρὸς
277 2604 331 2693 ἠν,
349 2606 530 2694 ἀφείλεσθέ
545 2631 585 2692 με
603 2607 711 2672 πάντα
728 2603 814 2688 τάμὰ
831 2600 887 2669 καί
905 2604 943 2668 τὸ
961 2597 1066 2687 μηδὲν

69 2715 247 2799 ποιήσαντες
274 2710 563 2802 ἐρρίψατε·’“οὗτοι
591 2709 622 2779 δ’
649 2712 685 2778 οί
708 2711 749 2776 τδι
776 2710 870 2776 δεινὰ
896 2707 951 2775 ὑπ’
985 2707 1066 2794 έμοῦ
1103 2717 1106 2728 ’

127 2913 141 2962 ὑ
159 2907 244 2963 οὐδέν
264 2922 318 2962 om.
337 2905 360 2958 B
415 2912 431 2960 6
446 2902 509 2960 οὐδ’
526 2904 563 2959 ἂν
583 2903 724 2978 βούλησθε
743 2903 777 2958 ού
791 2901 946 2973 δυνάμενοι
959 2903 984 2957 A
999 2899 1063 2957 οὐδ’

71 2972 134 3046 <ύ>ν
151 2976 206 3034 οίοι
224 2997 254 3033 τε
273 2974 472 3047 δυνησομένων
485 2975 508 3029 Β
528 2974 584 3031 οίοι
602 2969 651 3044 ἠτε
666 2972 791 3028 Sintenis
805 2973 865 3028 Em.
879 2973 962 3028 Dion.
976 2973 1016 3026 III
1030 2978 1065 3027 25

72 3047 146 3103 λίνα
181 3048 313 3131 αζύμενοι
331 3047 357 3101 Α
435 3046 521 3117 8μὲν
541 3046 648 3101 add.ss
725 3050 758 3098 11
777 3040 795 3112 ἠ
813 3042 897 3114 τιμήν
916 3042 1067 3099 delendum

74 3130 120 3171 εεεο
135 3069 323 3190 ύήεεελιυρίοε
341 3121 438 3173 censet
510 3125 543 3173 14
560 3113 750 3208 πρει>σδέντι
767 3114 791 3168 Β
865 3121 897 3171 15
915 3121 973 3178 τοῖς
993 3114 1067 3168 Οὑο-

73 3187 183 3255 λούσιοις
200 3191 226 3245 A
248 3191 357 3252 τούτοις
377 3191 429 3245 Οὐ.
447 3190 470 3242 Β
497 3191 684 3251 Οὑολουσκοις
702 3186 756 3243 del.
775 3185 919 3254 Kiessling
944 3181 1067 3239 τουτοισὶ

74 3253 147 3314 Cobet
159 3262 225 3317 obs.
239 3281 268 3333 p.
284 3268 334 3316 160
414 3267 446 3316 17
466 3261 517 3316 οὑκ
536 3257 587 3315 οὑν
605 3260 631 3314 A
711 3265 743 3313 19
763 3252 952 3331 ίγ<ι>νετοΒ
1031 3258 1066 3306 20

75 3321 233 3396 ἐγένετοκαὶ
251 3334 288 3388 ἄν
308 3330 442 3402 ἔστρεψεν
461 3332 608 3401 ἀμφότερα
626 3331 651 3384 A
675 3324 697 3385 έ.
715 3327 872 3398 ἀνέτρεψεν
890 3327 917 3379 A.
937 3322 983 3377 Bb
1002 3321 1064 3377 ἀλλ’

75 3397 227 3474 διέπρεψεν
249 3422 273 3459 ο.
297 3402 400 3458 Reieke
427 3401 598 3473 ἀντέστρεψε
621 3398 649 3454 δ’
675 3398 822 3469 ἀμφότερα
845 3412 868 3451 ο.
892 3393 980 3474 Cobet
1000 3393 1067 3450 obs.

75 3480 157 3536 11160
226 3481 260 3530 21
279 3474 389 3537 τούτοις
407 3472 472 3529 εδδ.
491 3472 514 3526 Β
586 3476 620 3526 23
640 3469 789 3524 δεινότατα
808 3483 831 3520 ο.
850 3463 953 3519 Rfflske
