2484 3876
492 224 662 273 -Η-
1019 219 1084 286 139

34 381 110 450 ιαεἈ
128 377 188 466 μὲν
209 381 388 468 ἐψήφισται
409 385 448 449 τὸ
470 385 586 449 κοινὸν
609 383 715 468 ὑμῶν,
737 385 803 469 ἐχει
826 387 934 460 καλῶς
956 380 1012 448 καὶ
1034 407 1084 466 γι-

80 487 180 554 νέσθω
203 491 285 556 κατὰ
308 492 370 557 τὸν
390 492 515 556 οἰκεῖον
537 489 657 556 ἕκαστα
679 492 809 575 καιρόν·
833 488 869 555 ἐν
893 490 961 579 ὅσφ
984 486 1021 554 δὲ
1043 490 1084 554 τά

80 599 295 683 στρατεύματα
314 595 447 682 μέλλετε
461 597 686 684 καταγράφειν
699 594 753 662 καὶ
767 589 870 662 τάλλα
884 596 1084 682 εὐτρεπίζειν

48 743 50 752 1
78 701 184 780 ἕξοντά
206 729 301 782 τινας
323 706 434 791 ὥσπερ
456 705 544 782 είκὸς
566 703 723 789 ἀσχολίας
739 700 795 769 καὶ
813 702 996 789 διατριβάς,
1018 701 1083 785 ἐγώ

77 807 123 874 καὶ
149 812 278 890 Τύλλος
306 814 406 904 ἔργου
435 810 595 896 ἐχώμεθα.
640 810 733 886 ὅσοις
759 803 823 876 οὑν
846 809 942 893 ὑμῶν
965 813 1083 893 βουλο-
1111 831 1131 872 ε

78 916 180 1002 μένοις
204 917 275 985 ἐστὶ
293 927 519 1006 προνομεῦσαι
535 918 596 1001 τήν
614 927 680 983 τῶν
698 918 865 1000 πολεμίων
883 913 938 981 καὶ
957 918 1084 1000 πολλήν

78 1023 294 1111 ἀποτεμέσθαι
317 1030 423 1109 λείαν,
446 1031 492 1091 ίτε
511 1027 576 1091 σὺν
594 1023 683 1109 ἡμῖν.
719 1021 924 1109 ὑποδέχομαι
944 1020 975 1088 δ’
992 1023 1084 1109 ὑμίν,

79 1129 126 1195 ἐὰν
147 1133 229 1208 θεὸς
252 1132 415 1218 συλλάβη,
436 1132 559 1208 πολλάς
581 1129 637 1198 καὶ
655 1132 756 1208 καλάς
773 1131 895 1195 δώσειν
915 1129 1083 1213 ὠφελείας.

79 1238 117 1301 ἔτι
138 1239 203 1326 γάρ
227 1237 455 1323 ἀπαράσκευοί
473 1241 538 1304 είσι
551 1235 704 1323 Ῥωμαῖοι
727 1237 873 1321 δύναμιν
892 1237 985 1303 οὸπω
1004 1243 1118 1307 συν-3

79 1356 246 1427 εστηκυῑαν
269 1345 411 1433 ὁρῶντες
432 1340 605 1432 ὑμετέραν,
627 1341 703 1410 ὥστ’
725 1341 829 1421 άδεώς
846 1343 927 1429 ἡμῖν
945 1341 1083 1429 ὑπάρξει
1097 1365 1123 1406 ιο

78 1459 178 1516 πᾶσαν
208 1451 292 1536 ὅσην
322 1451 364 1516 άν
394 1451 594 1536 βουλώμεθα
627 1459 685 1534 τῆς
718 1447 854 1515 ἐκείνων
887 1451 996 1535 χώρας
1026 1471 1083 1514 κα·

78 1559 258 1642 ταδραμεῑν.

134 1664 208 1729 XII.
228 1661 498 1748 Ἀποδεξαμένων
518 1659 555 1728 δὲ
573 1660 628 1728 καί
645 1661 769 1746 ταύτην
787 1662 848 1745 τήν
866 1662 1004 1745 γνώμην
1016 1671 1084 1728 τών

83 1771 296 1838 Οὐολούσκων
322 1767 459 1857 ἐξῄεσαν
487 1771 523 1836 οί
547 1766 723 1856 στρατηγοὶ
751 1769 807 1835 διά
834 1766 977 1853 ταχέων,
1004 1764 1083 1854 πρὶν

85 1877 212 1943 ἔκπυστα
244 1877 404 1961 γενέσθαι
428 1874 598 1961 Ῥωμαίοις
629 1876 668 1940 τά
700 1876 924 1960 βουλεύματα,
955 1876 1083 1959 πολλήν
1097 1897 1124 1938 ιε

82 1980 266 2069 ἐπαγόμενοι
290 1983 446 2069 στρατιάν
468 1979 635 2047 ἑκούσιον·
658 1975 698 2065 ής
719 1979 818 2065 μέρος
836 1977 897 2066 μὲν
917 1981 935 2048 ὑ
958 1981 1084 2058 Τύλλος

39 2091 156 2173 οαιέχων
182 2093 230 2167 είς
251 2089 312 2172 τήν
335 2091 491 2154 Λατίνων
513 2089 625 2174 χώραν
649 2085 821 2172 ἐνέβαλεν,
847 2088 904 2152 ἴνα
926 2088 1084 2173 περισπά-

81 2212 139 2261 σειε
159 2207 227 2262 τῶν
248 2199 417 2280 πολεμίων
439 2195 500 2278 τήν
523 2195 653 2260 ἐκεῖθεν
675 2193 879 2279 ἐπικουρίαν,
901 2195 938 2258 τὸ
960 2190 997 2257 δέ
1016 2197 1084 2258 λοι-

80 2303 136 2368 πὸν
156 2304 174 2369 ὁ
196 2303 351 2389 Μάρκιος
379 2303 471 2385 άγων
498 2300 551 2367 ἐπὶ
577 2303 638 2385 τήν
655 2298 824 2384 Ῥωμαίων
850 2300 983 2381 ήλασεν.
1029 2289 1119 2368 ola?

82 2405 107 2472 δ’
133 2409 382 2495 ἀπροσδοκήτου
410 2409 514 2493 <τού>
548 2417 651 2474 κακοῦ
678 2417 748 2483 τοῖς
774 2405 856 2470 κατὰ
882 2405 944 2488 τήν
971 2405 1083 2492 χώραν
1097 2427 1124 2468 ιο

84 2515 300 2602 διατρίβουσιν
324 2515 537 2590 ἐπιπεσόντος
553 2514 660 2580 πολλά
678 2509 739 2598 μὲν
758 2509 843 2577 ἑάλω
863 2511 996 2594 σώματα
1008 2508 1085 2577 Ῥω·
1173 2513 1178 2538 ¹

83 2626 178 2704 μαίων
209 2621 387 2709 ἐλεύθερα,
416 2620 521 2686 πολλά
552 2616 582 2684 δ’
612 2618 820 2705 ἀνδράποδα,
850 2620 940 2701 βοῶν
967 2640 1002 2683 τε
1029 2617 1085 2684 καὶ

83 2727 258 2813 ὑποζυγίων
281 2725 337 2792 καλ
360 2737 427 2792 τῶν
445 2727 556 2818 ἄλλων
575 2724 792 2810 βοσκημάτων
809 2733 918 2811 χρῆμα
937 2725 998 2791 ούκ
1016 2725 1085 2792 ὀλί-
1161 2757 1167 2782 ι

84 2854 145 2915 γον·
167 2837 259 2910 σῖτός
281 2830 317 2898 θ’
342 2832 419 2909 ὅσος
441 2831 670 2917 ἐγκατελήφθη
693 2828 749 2897 καὶ
766 2831 903 2918 σίδηρος
920 2829 975 2898 καὶ
993 2833 1085 2910 ὅσοις

84 2941 184 3018 ἄλλοις
205 2941 296 3025 χώρα
320 2950 526 3023 γεωργεῖται,
552 2939 592 3003 τά
615 2934 676 3021 μὲν
699 2937 872 3023 ἡρπάσθη,
894 2939 934 3004 τά
958 2935 995 3004 δέ
1018 2940 1084 3004 δίε·
1098 2956 1125 2998 ετ

83 3050 195 3134 φθάρη.
225 3052 444 3123 τελευτῶντες
461 3047 523 3132 γάρ
542 3044 598 3110 καὶ
615 3053 681 3131 πῦρ
700 3047 747 3122 είς
765 3046 823 3122 τάς
844 3047 948 3124 αὐλάς
965 3044 1084 3131 φέρον-

83 3177 125 3232 τες
145 3153 325 3239 ἐνέβαλλον
350 3153 573 3236 Οὐολοῦσκοι,
601 3153 683 3217 ώστε
706 3157 833 3219 πολλοῦ
855 3157 980 3240 χρόνου
1003 3146 1080 3234 μηδ’

121 3338 123 3342 ’
143 3355 159 3402 4
177 3346 256 3410 τινὰς
274 3362 343 3400 corr.
365 3361 379 3398 ο
397 3344 462 3399 τινὰ
479 3343 526 3398 Bb
594 3350 629 3398 20
646 3351 697 3398 τοῦ
716 3343 780 3396 add.
800 3342 972 3410 Grasberger
989 3337 1084 3394 Philo-

84 3418 153 3488 logus
171 3427 205 3474 28
226 3418 319 3488 (1869)
336 3435 364 3486 p.
379 3421 431 3470 548
486 3423 519 3470 25
538 3413 574 3468 τὰ
592 3415 680 3484 χωρία
698 3414 723 3466 Α
741 3415 829 3481 χωρία
846 3412 869 3462 Β
888 3412 964 3478 χώρα
983 3427 1006 3466 ω.
1021 3410 1085 3463 Sin-

16 3567 17 3576 *
84 3489 146 3544 Ienis
163 3491 224 3546 Em.
244 3489 325 3543 Dion.
344 3487 384 3540 III
403 3493 436 3541 15
455 3486 490 3540 ef.
513 3486 575 3539 VIII
595 3489 636 3551 13,
656 3490 672 3537 2
735 3488 769 3535 2⁷
789 3478 945 3533 οὸολοῦοκοι
962 3479 985 3530 Β
