2508 3882
473 230 640 280 -Η-
998 225 1060 290 241

55 388 174 472 μάτων,
202 387 263 454 καὶ
289 389 339 455 ὅτι
367 387 401 467 έξ
430 389 527 474 ἡμῶν
548 412 635 467 τινες
657 389 699 455 οὐ
723 391 859 467 δικαίως
880 388 963 454 αὐτὰ
985 412 1064 472 καρ-

54 503 196 559 ποῦνται.
256 493 315 560 έάν
347 491 385 560 δὲ
417 493 671 580 δημοσιωθέντα
703 495 800 560 ίδωσι
831 491 886 560 καί
917 496 975 572 τάς
1005 491 1059 559 ἀπ’

56 599 155 666 αὐτῶν
178 602 373 684 προσόδους
397 603 444 678 είς
466 603 506 666 τὰ
528 601 625 668 κοινά
647 599 703 668 καὶ
726 601 890 686 ἀναγκαία
913 602 1065 668 δαπανω-

57 704 156 789 μένας,
185 703 292 773 οὐδὲν
315 708 546 793 ὑπολήψονται
570 711 664 794 σφίσι
688 705 860 794 διαφέρειν
883 716 940 792 τῆς
962 717 1022 792 γῆς
1043 705 1065 790 ἣ

57 823 113 876 τῶν
139 811 172 891 ἐξ
201 813 306 900 αὐτῆς
333 825 469 900 καρπῶν
496 811 652 899 μετέχειν.
698 813 741 880 έῶ
770 815 834 900 γάρ
860 811 987 898 λέγειν,
1014 791 1107 905 ότι46

58 928 113 982 τῶν
134 917 276 1007 ἀπόρων
300 919 410 999 ένίους
433 925 561 1006 μᾶλλον
579 919 820 1006 εὐφραίνουσιν
839 920 876 984 αί
895 917 1067 1006 ἀλλότριαι

59 1024 167 1108 βλάβαι
189 1035 263 1092 τῶν
286 1027 382 1092 ίδίων
405 1027 585 1112 ὠφελειῶν.
625 1025 666 1093 οὐ
689 1029 756 1112 μὴν
779 1025 927 1111 ἀποχρῆν
945 1021 975 1110 γ’
999 1031 1067 1092 olo-

61 1153 108 1212 μαι
128 1132 262 1198 τούτων
286 1130 441 1217 ἑκάτερον
464 1131 501 1198 έν
522 1141 569 1222 τῷ
592 1138 780 1219 ψηφίσματι
802 1132 956 1219 γράφειν,
983 1130 1068 1197 ἀλλὰ

61 1232 105 1299 καί
126 1233 171 1300 δι’
192 1238 301 1322 άλλης
318 1240 409 1316 τινὸς
427 1244 539 1323 οἴομαι
562 1240 636 1305 δείν
657 1242 837 1326 θεραπείας
858 1241 992 1324 μετρίας
1007 1240 1068 1306 τὸν

64 1341 155 1425 δῆμον
173 1345 421 1410 οἰκειώσασθαί
437 1366 474 1409 τε
497 1342 553 1410 καὶ
571 1343 764 1429 ἀναλαβεῖν·
787 1343 830 1430 ἣν
848 1346 929 1430 μετὰ
947 1347 1067 1430 μικρὸν
1082 1359 1107 1401 10

63 1445 127 1531 έρῶ,
152 1451 216 1533 τὴν
241 1451 353 1515 αἰτίαν
374 1461 508 1536 πρῶτον
531 1451 612 1535 ὑμίν
639 1450 914 1535 ἀποδειξάμενος,
941 1456 1069 1534 μᾶλλον

65 1548 94 1616 δέ
113 1555 171 1638 τὴν
195 1554 360 1640 ἀνάγκην,
385 1550 429 1621 δι’
455 1555 498 1640 ἣν
521 1554 697 1624 καὶτοῦτο
720 1555 884 1643 πρακτέον
906 1557 995 1642 ἡμίν.

119 1659 254 1728 LXXV.
284 1660 368 1727 Ἱστε
391 1663 500 1746 δήπου
518 1667 597 1741 τοὺς
615 1663 652 1730 έν
670 1673 709 1750 τῇ
728 1662 884 1752 ἐκκλησίᾳ
907 1661 1070 1750 ῥηθέντας

66 1763 119 1831 ὑπὸ
139 1778 199 1834 τοῦ
224 1768 398 1855 δημάρχου
421 1771 553 1854 λόγους,
577 1767 624 1835 ὅτ’
645 1771 742 1856 ἧρετο
765 1781 833 1836 τῶν
857 1770 991 1838 ὑπάτων
1011 1771 1070 1838 τὸν

68 1867 165 1957 ἕτερον
191 1885 317 1942 τοῦτον
346 1875 562 1962 Οὐεργίνιον,
588 1876 707 1959 ἥντινα
734 1878 871 1962 γνώμην
899 1879 965 1962 έχει
994 1873 1071 1960 περὶ
1086 1891 1111 1934 1⁵

26 1985 115 2059 ιειιτῆς
141 1984 358 2067 κληρουχίας,
389 1985 511 2068 πότερα
543 1992 613 2059 τοῖς
641 1978 703 2067 μέν
731 1986 880 2062 πολίταις
908 1993 1075 2069 συγχωρεῖ

72 2083 224 2170 διανέμειν
253 2089 295 2152 τά
322 2089 481 2173 δημόσια,
507 2099 577 2166 τοῖς
605 2084 643 2154 δέ
671 2089 854 2175 συμμάχοις
881 2090 943 2155 οὐκ
969 2088 1024 2175 έᾷ,
1050 2087 1071 2172 ἢ

72 2199 124 2254 τῶν
151 2205 278 2260 κοινῶν
301 2205 368 2260 τῶν
390 2193 560 2279 ἡμετέρων
583 2191 656 2260 οὐδ’
683 2196 765 2280 ἡμῖν
788 2204 954 2280 συγχωρεί
974 2190 1073 2277 μέρος

74 2297 244 2380 λαγχάνειν.
289 2295 346 2365 καί
369 2295 466 2378 οὗτος
489 2301 683 2386 ὡμολόγησε
705 2304 742 2367 τὸ
766 2295 843 2366 καθ’
868 2297 953 2381 ἡμᾶς
974 2295 1073 2381 μέρος

75 2398 106 2462 οὗ
125 2405 266 2470 κωλύειν
282 2413 341 2489 τῆς
358 2409 569 2493 κληρουχίας,
593 2407 651 2474 έάν
669 2407 770 2472 ἀποστ
793 2411 895 2468 ταῦτα
916 2403 1072 2488 κράτιστα
1086 2421 1113 2462 20

76 2499 145 2572 εἶναι
167 2512 263 2598 δοκῇ·
292 2509 348 2578 καὶ
370 2513 391 2597 ἡ
416 2515 623 2600 συγχώρησις
645 2513 704 2596 ἥδε
725 2511 805 2588 τούς
826 2533 861 2576 τε
885 2510 1074 2598 δημάρχους

77 2608 213 2699 ἐποίησεν
241 2618 323 2704 ἡμῖν
351 2620 601 2704 συναγωνιστάς
626 2615 682 2683 καὶ
709 2619 768 2684 τὸν
799 2619 906 2702 δῆμον
938 2615 1074 2682 ἐπιεικέ-

80 2733 187 2802 στερον.
231 2730 269 2792 τί
288 2721 351 2793 οὖν
373 2730 549 2812 μαθόντες,
571 2725 592 2790 ά
610 2727 683 2790 τότε
702 2725 990 2811 συνεχωρήσαμεν,
1010 2727 1110 2792 νῦν2

80 2820 317 2916 ἆναθησόμεθας
345 2831 366 2916 ἦ
394 2835 429 2897 τί
452 2829 554 2897 πλέον
580 2829 661 2914 ἡμῖν
684 2832 775 2895 ἔσται
797 2830 838 2894 τά
860 2840 997 2913 γενναία
1020 2829 1075 2897 καὶ

81 2929 111 2991 τά
134 2938 213 3001 καλά
242 2937 464 3020 πολιτεύματα
493 2934 549 3002 καὶ
578 2935 652 3015 άξια
684 2945 743 3020 τῆς
773 2934 951 3020 ἡγεμονίας
982 2942 1075 3003 πολι-
1090 2957 1116 2996 25

82 3037 264 3125 τευομένοις,
295 3041 353 3106 ἐάν
382 3043 428 3126 μὴ
457 3046 627 3126 πείθωμεν
656 3043 735 3118 τοὺς
764 3040 1004 3127 χρησομένους;
1035 3043 1076 3109 οὐ

140 3267 202 3323 λδδ
221 3285 275 3325 om,
294 3268 319 3322 A
374 3276 390 3325 8
409 3268 556 3340 γραφὲνΟ
576 3267 697 3340 γράφειν
712 3267 802 3323 Cobet
815 3266 881 3322 Obs.
897 3286 924 3336 p.
941 3272 992 3320 170
1043 3271 1076 3319 15

86 3338 178 3391 τνντινὶ
194 3357 216 3393 ο.
237 3339 359 3394 Βουδίεε
376 3340 468 3396 Tiroc.
487 3340 548 3395 crib.
563 3357 591 3409 p.
606 3345 641 3395 58
658 3345 662 3404 Ι
678 3337 739 3409 ἔχει
757 3338 782 3392 A
837 3344 871 3392 20
889 3336 940 3406 τὴν
959 3340 1010 3405 κλη
1029 3355 1078 3390 ου-

86 3402 137 3465 ίίαν
154 3423 173 3463 ο.
192 3409 314 3480 Sylburg
334 3410 452 3478 Ι*πι”ισι
472 3411 495 3466 Ο
550 3417 585 3465 23
603 3409 749 3473 παθόντες
764 3408 784 3464 O
803 3411 833 3463 et
851 3425 873 3463 c.
889 3407 991 3462 (ἔνετοι
1010 3357 1077 3465 δυο.

88 3483 109 3534 P·
121 3478 149 3528 19
215 3485 248 3536 25
267 3481 455 3552 πολιτεύματα
475 3482 626 3536 delendum
644 3481 758 3536 videtur

130 3572 219 3621 θιοετε.
233 3581 297 3623 En.
306 3581 352 3621 ΠΙ.
378 3591 417 3621 τε.
430 3582 532 3622 mont.
886 3573 919 3622 16

22 3657 24 3706 ί
