2484 3876
171 169 235 234 156
592 171 759 220 -Η-

170 331 187 396 ὁ
206 332 320 414 νόμος,
340 327 465 416 ἐχθρὸν
479 324 566 396 εἶναι
582 337 628 417 τῷ
647 327 808 415 δράσαντι
825 331 863 395 τὸ
882 330 1054 406 πεπονθὸς
1070 339 1176 405 κακῶς.

134 436 221 502 2ὅτι
244 433 274 500 δ’
297 436 339 502 οὐ
362 438 442 521 μετὰ
463 440 624 521 λογισμοῦ
643 437 817 522 σώφρονος
837 434 1003 521 ἐξετάζεις,
1027 434 1087 512 οὓς
1104 433 1178 519 ἀμύ-

171 544 295 608 νεσθαί
312 566 348 608 τε
371 540 427 608 καὶ
445 545 666 628 τιμωρεῖσθαί
684 558 738 608 σοι
755 552 935 628 προσῆκεν,
958 538 1040 608 οὐδὲ
1058 541 1179 627 μετριά-

172 651 236 726 ζεις
266 647 342 735 περὶ
373 651 434 734 την
466 648 650 735 ἀνάπραξιν
682 657 739 734 τῆς
769 650 880 734 δίκης,
910 646 981 715 ἀλλ’
1015 651 1052 715 ἐν
1080 646 1178 734 ταύτῷ

144 756 302 821 ττίῦεσαι
328 756 369 821 τοί
395 753 423 821 τ’
451 755 582 822 ἀναίτια
607 766 678 833 τοῖς
704 757 822 832 αἰτίοις
849 754 905 821 καὶ
931 757 972 821 τὰ
1000 758 1098 840 φίλια
1118 763 1179 828 τοῖς

170 865 356 947 πολεμίοις,
383 865 508 947 νόμους
534 886 569 928 τε
591 873 694 939 κινεῖς
715 863 848 948 φύσεος
869 862 1051 946 ἀκινήτους
1073 856 1179 925 καὶτὰ

170 970 254 1053 πρὸς
276 970 353 1044 τοὺς
374 970 477 1044 θεοὺς
499 968 732 1054 συνταράττεις
755 968 841 1051 ὅσια,
864 967 920 1034 καὶ
943 964 1026 1034 οὐδὲ
1051 967 1179 1032 σεαυτὸν

172 1073 205 1151 ἐξ
229 1068 277 1139 ὧν
299 1097 334 1138 τε
355 1072 412 1139 καὶ
433 1074 522 1151 ὅστις
540 1076 621 1159 ἔφυς
640 1076 687 1139 ἔτι
706 1073 881 1159 μέμνησαι,
903 1082 1004 1140 τοῦτο
1023 1071 1179 1156 τεθαυμά-

136 1185 157 1248 3
172 1202 286 1262 καμεν.
317 1177 441 1263 ἥκομέν
454 1176 482 1244 τ’
500 1178 737 1257 ἀποσταλέντες
749 1180 815 1246 ὑπὸ
830 1188 890 1246 τοῦ
903 1190 1024 1248 κοινοῦ
1038 1176 1179 1265 πρέσβεις

132 1305 159 1346 10
173 1285 207 1349 οί
227 1285 430 1370 προύχοντες
451 1286 563 1373 ἡλικία
585 1296 652 1351 τῶν
674 1289 856 1372 πατρικίων
873 1283 929 1351 καὶ
952 1285 1031 1372 περὶ
1055 1281 1092 1350 σε
1109 1305 1179 1370 προ-

171 1392 355 1474 θυμότατοι
387 1388 590 1475 μεμιγμένην
622 1389 781 1477 φέροντες
812 1394 1045 1475 δικαιολογίαν
1074 1411 1180 1474 παραι-

172 1498 275 1580 τησει,
293 1494 349 1562 καὶ
368 1493 420 1581 ἐφ’
439 1488 489 1573 οἷς
508 1494 664 1581 ἀξιοῦμέν
682 1515 719 1563 σε
738 1499 958 1564 διαλύσεσθαι
974 1499 1040 1582 τὴν
1055 1500 1217 1583 ἔχθραν,155

171 1605 255 1688 πρὸς
285 1606 345 1669 τὸν
378 1604 484 1687 δῆμον
512 1602 787 1687 ἀπαγγελοῦντες·
819 1605 902 1690 πρὸς
931 1601 969 1669 δὲ
996 1605 1139 1684 τούτοις,
1163 1599 1179 1663 δ

174 1711 351 1792 νομίζομεν
369 1705 456 1774 εἶναι
474 1708 633 1774 κάλλιστα
655 1708 711 1775 καὶ
734 1709 976 1795 συμφορώτατά
999 1725 1067 1795 σοι,
1089 1716 1178 1774 ταῦτα

134 1832 161 1876 ιι
172 1812 437 1899 παραινέσοντες.

240 1919 381 1985 ΧΧΠΠ.
404 1917 546 2006 Ἀρχίτω
565 1917 596 1987 δ’
615 1922 632 1987 ὁ
651 1919 727 2007 περὶ
740 1931 807 1987 τῶν
821 1924 960 1988 δικαίων
974 1925 1084 2006 λόγος.
1111 1936 1179 1984 συν-

174 2023 250 2111 έστη
278 2029 315 2092 τὸ
344 2028 535 2120 δημοτικὸν,
551 2026 605 2093 ἐπὶ
632 2025 686 2093 σοὶ
712 2011 925 2114 παροξυνθὲν
952 2028 1018 2096 ὑπὸ
1043 2038 1110 2095 τῶν
1131 2025 1179 2106 δη-

173 2133 325 2219 μάρχων,
351 2131 408 2200 καὶ
433 2129 517 2218 ἧκον
544 2135 589 2211 ὡς
615 2132 874 2210 ἀποκτενοῦντές
896 2152 932 2200 σε
960 2135 1113 2220 ἀκριτον,
1137 2120 1179 2204 οἷς

173 2243 317 2326 φοβερὸς
338 2235 438 2325 ἦσθα
483 2249 587 2306 τοῦτο
608 2242 645 2306 τὸ
673 2242 773 2327 ἔργον
799 2240 1013 2325 ἐκωλύσαμεν
1040 2243 1133 2326 ἡμεῖς
1151 2234 1181 2299 οί

134 2367 161 2408 ιο
175 2346 211 2413 ἐκ
233 2357 293 2417 τοῦ
317 2350 497 2434 συνεδρίου
512 2345 568 2413 καὶ
586 2345 794 2433 παρέσχομέν
817 2362 871 2413 σοι
895 2345 1056 2432 μηδίν,“
1038 2373 1058 2413 ο
1077 2347 1120 2432 μη
1138 2337 1224 2406 δί-
1223 2373 1224 2458 χ

173 2478 271 2520 καιον
292 2448 336 2538 ἣν
361 2457 436 2519 τότε
462 2433 596 2520 παθεῖν.
640 2453 721 2538 μετὰ
747 2461 846 2518 τοῦτο
873 2452 1123 2533 προύκαλοῦντό
1147 2463 1177 2511 σε
1223 2469 1224 2530 χ

175 2557 438 2637 οίκωλυδίντες
465 2559 596 2626 ἀνελεῖν
620 2558 673 2624 ἐπὶ
696 2562 859 2645 δίκην,α
860 2559 1066 2643 ίτιασοίμενοι
1089 2577 1178 2636 πονη-

139 2669 161 2732 2
176 2668 256 2751 ρους
268 2663 337 2731 κατ’
356 2666 466 2732 αὐτῶν
484 2667 589 2733 εἰπεῖν
608 2664 646 2731 ἐν
663 2689 702 2750 τη
721 2669 827 2750 βουλη
846 2667 974 2748 λόγους.
1012 2664 1177 2746 ἐνέστημεν
1223 2729 1224 2740 ,

174 2768 230 2836 καὶ
252 2772 334 2856 πρὸς
355 2781 471 2854 τοῦτο,
492 2772 537 2848 ὡς
560 2766 677 2854 οἶσθα,
703 2770 759 2836 καὶ
782 2771 843 2836 οῦκ
866 2769 1091 2858 ἐπετρέψαμεν
1112 2768 1178 2834 οὔτε
1223 2764 1224 2832 λ

135 2893 162 2936 25
175 2877 308 2961 γνώμης
335 2876 411 2941 ούτε
438 2879 549 2960 λόγων
571 2876 729 2961 ὑποσχεῖν
757 2893 794 2942 σε
822 2879 924 2954 δίκας.
970 2876 1178 2964 ἀποτυχόντες
1223 2863 1224 2934 δ

247 3099 434 3174 δυσφρόνως
450 3103 499 3157 Ba
575 3101 772 3173 3*προςηίιει
791 3102 814 3158 Ο
833 3103 941 3159 correxi
1021 3096 1177 3192 4ταῦτῷΑ

175 3181 212 3250 τῷ
231 3176 306 3247 αῦτῳ
285 3123 361 3228 &Ro
436 3180 468 3228 12
488 3173 675 3229 διαλύσεσθαι
691 3174 739 3228 Ba
757 3174 948 3229 διαλύσασθαι
966 3174 993 3229 R
1084 3181 1114 3230 13
1125 3155 1177 3226 ιἰπ

175 3232 373 3318 αγγελλοῦντες
390 3245 440 3301 Ba
467 3245 685 3316 ἀπεγγελοῦντες
708 3245 756 3299 Bb
784 3243 1006 3315 ἀπαγγέλλοντες
1023 3246 1049 3300 R
1149 3243 1224 3294 14

175 3375 209 3411 νο
211 3322 324 3424 μιζομεν
342 3354 389 3408 Ba
461 3358 495 3408 18
514 3347 596 3424 ἧκον]
616 3351 768 3421 ἀπηγονο.
788 3348 932 3421 Kiessling
1005 3359 1038 3406 22
1058 3347 1105 3408 ἐπὶ
1121 3347 1175 3411 δίκη

177 3426 288 3481 Ocorr.
308 3409 468 3494 Stephafius
1223 3441 1224 3499 χ
