2484 3876
483 191 651 242 ωε-
850 149 853 156 ’
1011 187 1076 254 153

59 347 138 427 τινὲς
164 349 294 417 αὐτόθι
324 348 480 437 καρτεραὶ
505 348 562 416 καὶ
587 352 653 437 πρὸ
680 361 748 417 τῶν
776 349 949 438 ἐρυμάτων
972 349 1077 432 όξείαι

62 456 161 542 μάηαι·
195 457 238 522 ού
274 458 347 542 μὴν
379 455 465 523 ἑάλω
497 479 534 541 γε
566 459 604 524 τὸ
636 468 744 543 τεῖχος
774 457 839 526 ἀπὸ
870 457 1011 543 κράτους
1037 467 1077 544 τῇ

62 564 162 649 πρώτη
186 561 325 654 ἐφόδῳ,
350 559 423 629 ἀλλ’
451 561 559 630 ἐδόκει
582 559 711 650 Ιχρόνου
734 565 807 630 δεῖν
831 564 864 649 [ἡ
886 567 1076 651 πολιορκία]

65 666 110 733 καὶ
133 673 261 756 τριβῆς.
312 669 457 747 ἀποστὰς
483 663 547 736 ούν
573 679 632 753 τῆς
659 674 852 756 πολιορκίας
878 670 898 737 ό
925 670 1079 757 Μάρκιος

66 775 298 862 περιετάφρευε
326 777 437 865 κύκλῳ
463 777 525 861 τὴν
552 779 652 843 πόλιν
679 775 736 844 καί
767 775 992 862 ἀπεσταύρου,
1020 777 1078 854 τὰς
1104 793 1119 836 ⁶

69 879 154 958 ὁδοὺς
180 882 382 967 φυλάττων,
409 883 466 948 ἵνα
493 878 566 966 μήτ’
594 882 700 969 ἀγορά
726 879 801 968 μήτ’
829 881 1002 964 ἐπικουρία
1029 906 1079 960 τις

23 985 169 1064 θιεαύτοίς
186 987 320 1066 ἔξωθεν
338 985 566 1074 προσγένοιτο.
596 985 750 1074 Ῥωμαῖοι
771 984 809 1054 δὲ
826 1000 894 1055 τῶν
911 1011 947 1054 τε
964 1011 1080 1075 κεκρα·
1094 989 1115 1055 3

72 1089 209 1176 τημένων
238 1095 306 1179 ἤδη
334 1097 466 1161 πόλεων
483 1095 543 1160 τὸν
566 1095 711 1177 ὄλεθρον
734 1093 912 1172 ἀκούοντες
933 1091 990 1160 καὶ
1012 1105 1080 1160 τῶν

72 1199 306 1285 προσθεμένων
327 1209 374 1288 τῷ
397 1203 541 1289 Μαρκίῳ
564 1201 624 1285 την
648 1200 808 1286 ἀνάγκην,
829 1211 902 1278 ταίς
923 1224 958 1267 τε
980 1217 1080 1287 πρεσ·

75 1308 166 1389 βείαις
179 1305 418 1392 ἐνοχλούμενοι
435 1318 507 1384 ταῖς
525 1305 785 1391 ἀφικνουμέναις
802 1306 848 1385 ὡς
864 1307 986 1386 αύτούς
1004 1307 1081 1392 ὁση-
1096 1327 1123 1368 10

76 1408 158 1497 μέραι
184 1414 277 1499 παρὰ
306 1421 373 1478 τῶν
396 1423 570 1497 μενουσῶν
594 1411 631 1478 έν
653 1421 692 1498 τῇ
715 1415 812 1501 φιλίᾳ
833 1411 889 1479 καλ
912 1411 1081 1498 δεομένων

77 1521 240 1602 βοηθείας,
266 1527 328 1584 τοῦ
354 1540 389 1583 τε
411 1521 598 1586 Λαουινίου
626 1521 685 1586 τὸν
707 1521 953 1605 περιτειχισμὸν
976 1519 1081 1605 ὀρρω-

78 1624 202 1702 δοῦντες
222 1623 259 1690 ἐν
277 1621 391 1710 χερσὶν
409 1625 502 1708 ὄντα,
523 1621 579 1689 καί
596 1626 629 1689 εί
648 1626 726 1691 τόδε
748 1626 786 1691 τὸ
809 1624 974 1709 φρούριον
997 1622 1082 1690 ἁλώ-

80 1746 158 1796 σεται
188 1733 250 1797 τὸν
281 1732 426 1814 πόλεμον
458 1727 513 1796 ἐπὶ
546 1739 633 1814 σφᾶς
662 1729 755 1815 ἥξειν
787 1729 891 1806 εὐθὺς
923 1731 1082 1815 οίόμενοι,

81 1840 147 1920 μίαν
172 1835 342 1921 ὑπέλαβον
369 1838 505 1901 ἔσεσθαι
532 1835 666 1902 πάντων
695 1848 762 1903 τῶν
784 1847 895 1902 κακῶν
918 1838 1029 1922 λύσιν,
1052 1839 1084 1903 εί
1097 1854 1125 1896 ιο

82 1946 269 2028 ψηφίσαιντο
292 1950 337 2030 τῷ
355 1943 499 2031 Μαρκίῳ
522 1943 584 2026 την
606 1942 766 2010 κάθοδον.
810 1940 866 2008 καὶ
887 1943 905 2008 ὅ
924 1967 959 2010 τε
978 1945 1119 2030 δῆμος4

84 2048 155 2126 ἄπας
179 2048 260 2135 ἐβόα
285 2057 401 2130 τοῦτο,
432 2044 488 2113 καὶ
519 2047 556 2114 οί
585 2049 749 2135 δήμαρχοι
779 2052 886 2134 νόμον
915 2050 1083 2137 εἰσφέρειν

85 2152 154 2242 ὑπὲρ
184 2155 381 2240 ἀκυρώσεως
411 2162 469 2237 τῆς
504 2155 682 2237 καταδίκης
717 2152 910 2239 ἐβούλοντο·
943 2153 1016 2220 ἀλλ’
1051 2155 1087 2220 οί

85 2265 234 2348 πατρίκιοι
251 2261 509 2344 ἠναντιώθησαν
523 2259 637 2337 αὐτοῖς
654 2259 715 2325 ούκ
729 2258 900 2338 ἀξιοῦντες
912 2269 979 2325 τῶν
996 2261 1084 2325 δεδι-

87 2365 242 2451 κασμένων
266 2366 361 2432 λύειν
383 2364 499 2431 οὐθέν.
544 2366 589 2448 μη
615 2363 796 2449 γενομένου
819 2361 857 2430 δὲ
879 2365 1083 2451 προβουλεύ-
1098 2385 1126 2424 ω

89 2495 173 2554 ματος
196 2473 262 2540 ὑπὸ
288 2481 347 2556 της
373 2475 497 2557 βουλῆς
523 2465 603 2538 οὐδὲ
630 2481 700 2548 τοίς
726 2470 907 2556 δημάρχοις
934 2473 982 2536 ἔτι
1004 2490 1085 2557 προ-

89 2583 183 2645 θεῖναι
199 2579 336 2663 μνώμην
353 2579 402 2655 είς
418 2579 478 2643 τδυ
496 2579 605 2661 δῆμον
623 2575 740 2642 ἐδόκει.
786 2576 804 2642 ὃ
827 2574 883 2641 καὶ
900 2577 1085 2662 θαυμάζειν
1099 2581 1121 2645 5

46 2684 178 2771 εθοάξιον,
198 2683 254 2771 ἀφ’
277 2680 318 2770 ἧς
334 2686 456 2769 δηποπε
476 2685 584 2760 αἰτίας
605 2683 626 2766 ἡ
649 2683 756 2767 βουλὴ
775 2683 1008 2762 σπουδάζουσα
1026 2688 1085 2753 τὸν

93 2792 262 2878 ἔμπροσθεν
284 2793 407 2878 χρόνον
430 2786 514 2876 ύπέρ
537 2799 598 2856 τοῦ
615 2790 773 2876 Μαρκίου
796 2791 868 2854 τότε
891 2790 1086 2882 βουλομένῳ

149 3019 236 3074 θάπδ
255 3017 375 3088 κράτους
393 3017 446 3071 ΔΒ
464 3016 536 3072 κατὰ
554 3015 657 3088 κράτος
674 3016 700 3070 R
756 3017 883 3071 θ*δει“ν
900 3016 919 3086 ἡ
937 3016 1087 3089 πολιορκία
1129 3063 1132 3070 ,

98 3087 179 3144 Οδεῑν
195 3097 229 3161 τῇ
247 3085 397 3163 πολιορκίᾳ
415 3105 440 3142 e.
457 3087 570 3156 Reiske,
588 3086 606 3156 ἡ
625 3106 655 3143 π.
674 3085 767 3141 delevi
821 3095 838 3142 4
856 3096 906 3158 τῆς
923 3092 1087 3156 πολιορκίας

98 3157 175 3229 Οιής
198 3181 241 3216 πει
259 3162 378 3231 ομαχίας
404 3159 482 3228 Amg
504 3158 648 3226 Kiesuling
674 3157 783 3227 recepit
908 3165 924 3214 7
943 3161 1035 3213 αὐτῶν
1063 3159 1086 3213 Ο

97 3231 172 3294 αύιοῖς
189 3181 291 3302 θμίδοε
392 3236 408 3286 8
426 3238 481 3284 τῶν
500 3229 578 3284 ούπω
596 3227 841 3299 προστεθειμένον
860 3246 883 3287 ο.
899 3228 1002 3310 δεικτος
1020 3228 1086 3285 Οοε.

96 3307 155 3368 μόδ
224 3308 256 3357 18
275 3249 340 3357 τδδε
360 3300 455 3356 om.B
484 3303 488 3370 Ι
518 3299 656 3371 φρούριον
676 3301 698 3355 0
717 3303 820 3382 χωρίον
839 3317 863 3354 ο.
883 3299 1006 3352 Smtems
1024 3299 1086 3352 Em.

96 3369 159 3428 Dion
175 3373 213 3427 III
229 3377 263 3428 15
336 3378 370 3427 15
389 3371 560 3427 ἁπάντωνΟ
579 3387 649 3426 corr.
666 3369 789 3426 Kiesshn
882 3375 915 3423 17
934 3377 1016 3424 τοῦτο
1032 3387 1086 3428 om.

97 3442 230 3513 Opraeter
248 3445 270 3498 B
341 3450 374 3500 21
394 3445 566 3513 προσθεῖναι
583 3442 661 3497 ΑΒο
678 3461 733 3512 προ
744 3484 750 3497 .
761 3390 905 3514 &gemat
923 3439 969 3494 Bb
