2484 3876
151 179 215 244 132
571 178 739 226 -Η-

150 338 248 408 ἔπειτ’
282 340 418 406 ἔκδοτον
450 339 538 425 παρά
565 346 624 422 της
650 341 773 422 βουλῆς
799 336 916 420 ἠξίουν
944 335 998 402 ἐπὶ
1025 335 1173 425 θανάτῳ

150 451 277 532 λαβεῖν·
301 445 521 532 ἀποτυχόντες
544 441 574 510 δ’
602 442 799 530 ἀμφοτέρων
821 441 1091 529 προύκαλέσαντο
1115 440 1176 507 ἐπὶ

152 556 266 638 δίκην,
292 553 335 636 ἣν
358 550 453 617 αὐτοὶ
475 551 625 617 δικάσειν
648 553 803 634 ἔμελλον,
830 551 1029 636 τυραννίδος
1052 549 1177 633 ἐπιβα-

118 663 267 737 λλόντες
290 663 410 725 αἰτίαν.
453 656 509 724 καὶ
531 654 611 724 οὐδὲ
633 655 892 742 τοῦτ’·ἔμαθον,
920 658 971 722 ότι
995 658 1089 745 δημφ
1114 657 1179 720 τύ-

126 783 276 853 ιραννος
294 765 405 844 οὐδεὶς
422 770 562 850 πολεμεῖ
579 766 744 849 μετὰτῶν
763 763 909 850 ἀρίστων
928 764 1061 846 συστάς,
1084 762 1180 828 ἀλλά

70 403 101 448 Χ

152 874 309 940 τάναντία
332 875 412 959 μετά
434 882 495 940 τοῦ
519 874 626 957 δήμου
648 874 686 938 τὸ
709 872 886 957 κράτιστον
911 871 948 936 έκ
964 880 1023 954 της
1040 873 1181 946 πόλεως

153 979 286 1066 ἀναιρεῖ
310 979 421 1065 μέρος·
451 980 667 1064 δικαστήριόν
693 976 723 1043 τ’
753 978 814 1063 οὐχ
846 978 927 1064 ὅπερ
957 973 1000 1061 ἦν
1026 976 1180 1062 πάτριον

153 1086 328 1152 ἀπέδωκάν
350 1110 407 1170 μοι
430 1087 491 1168 τὴν
513 1090 640 1170 λοχῖτιν
663 1083 858 1161 καλέσαντες
882 1084 1072 1168 ἐκκλησίαν,
1093 1081 1236 1149 ἀλλ’151

155 1192 173 1257 ὃ
196 1193 316 1268 πάντες
338 1193 539 1277 ὁμολογοῦσι
560 1195 788 1279 πονηρότατον
810 1186 897 1257 εἶναι
925 1192 1176 1274 [δικαστήριον]

115 1322 141 1361 10
154 1297 210 1363 καὶ
227 1296 278 1364 ἐπ’
297 1299 379 1384 ἐμοῦ
397 1300 530 1383 πρώτου
548 1296 603 1363 καὶ
624 1301 731 1383 μόνον
749 1301 943 1384 γενόμενον,
966 1297 1004 1362 έν
1023 1290 1047 1384 ᾧ
1064 1293 1175 1361 πλέον

156 1407 243 1490 ἔχειν
262 1407 400 1490 ἔμελλον
416 1407 455 1471 ολ·
466 1412 567 1489 θῆτες
585 1403 641 1470 καὶ
659 1404 806 1470 ἀνέστιοι
822 1402 878 1470 καὶ
895 1416 966 1481 τοῖς
984 1403 1178 1488 ἀλλοτρίοις

157 1511 429 1598 ἐπιβουλεύοντες
450 1516 536 1596 βίοις
558 1522 625 1576 τῶν
650 1511 788 1596 ἀγαθῶν
810 1509 866 1576 καὶ
891 1513 1031 1577 δικαίων
1052 1507 1112 1574 καὶ
1136 1511 1181 1574 τδι

123 1621 252 1689 ὃνοινά
276 1620 439 1697 σώζεσθαι
462 1616 687 1702 βουλομένων.
731 1627 873 1684 τοσοῦτο
898 1615 928 1682 δ’
951 1619 1015 1702 ἀρα
1038 1641 1098 1700 μοι
1120 1637 1177 1680 πε-

159 1734 236 1808 ριῆν
257 1735 319 1790 τοῦ
341 1721 446 1809 μηδὲν
471 1723 611 1808 ἀδικεῖν,
635 1722 711 1790 ὥστ’
734 1725 771 1790 ἐν
790 1726 877 1813 ὄχλφ
900 1727 1111 1808 κρινόμενος,
1135 1718 1175 1788 οὗ

120 1853 146 1894 15
159 1833 196 1896 τὸ
219 1829 322 1896 πλέον
344 1834 565 1916 μισόχρηστον
592 1825 635 1914 ἦν
662 1829 718 1896 καὶ
746 1832 802 1895 διά
824 1828 913 1896 τοῦτ’
940 1830 1065 1916 ἐχθρὸν
1089 1829 1181 1913 ἐμοί,

161 1936 239 2003 δυσὶ
262 1941 367 2022 μόνον
390 1935 498 2008 ἑάλων
520 1939 644 2024 ψήφοις
666 1929 917 2022 ἀποτιθεμένων
934 1939 995 2022 τὴν
1018 1934 1182 2014 ἐξουσίαν

159 2056 227 2119 τῶν
259 2041 454 2129 δημάρχων,
486 2046 518 2109 εί
547 2047 592 2129 μη
624 2047 903 2128 καταδικασθείην
934 2043 1016 2128 ἐγώ,
1046 2039 1104 2108 καὶ
1140 2044 1183 2109 τὰ

119 2167 126 2213 ι
161 2154 280 2238 ἔσχατα
294 2153 468 2215 πείσεσθαι
482 2153 565 2236 πρὸς
578 2151 661 2235 ἐμοῦ
679 2153 845 2232 λεγόντων
863 2147 918 2215 καὶ
935 2147 1024 2236 πόση
1043 2152 1184 2236 σπουδῇ

113 2228 129 2346 ί
161 2255 217 2324 καὶ
239 2259 412 2344 προθυμίᾳ
434 2257 522 2343 παρά
545 2258 603 2322 τὸν
622 2255 735 2339 ἀγῶνα
754 2253 824 2321 κατ’
846 2254 928 2340 ἐμοῦ
946 2253 1186 2341 χρησαμένων.

121 2351 295 2462 ἒχτοιαῦτα
323 2365 363 2448 δὴ
395 2363 573 2441 πεπονθὼς
605 2363 669 2446 ἐγὼ
701 2365 784 2449 πρὸς
810 2373 877 2428 τῶν
905 2362 1049 2447 ἐμαυτοῦ
1077 2369 1183 2430 πολι-

160 2483 226 2538 τῶν
248 2471 392 2555 ἀβίωτον
415 2469 588 2555 ἡγησάμην
612 2472 670 2536 τὸν
694 2471 811 2535 λοιπὸν
834 2472 975 2535 ἔσεσθαί
999 2493 1055 2554 μοι
1085 2473 1185 2554 βίον,

161 2581 192 2643 εί
213 2577 257 2662 μὴ
280 2574 415 2662 λάβοιμι
436 2574 513 2662 παρ’
539 2577 649 2642 αὐτῶν
677 2578 782 2652 δίκας·
810 2574 865 2640 καὶ
894 2577 951 2641 διδ
978 2573 1068 2642 τοῦτ’
1097 2575 1183 2654 ἐξόν

162 2708 219 2766 μοι
246 2685 302 2766 ζῆν
330 2681 564 2768 ἀπραγμόνως,
596 2679 653 2747 εἴτ’
686 2681 722 2748 ἐν
754 2694 825 2758 ταῖς
852 2684 1008 2747 Λατίνων
1035 2685 1186 2748 πόλεσιν

161 2789 353 2872 ἠβουλόμην
375 2789 456 2852 κατὰ
479 2789 516 2853 τδ
540 2786 707 2871 συγγενές,
729 2785 787 2854 εἴτ’
811 2788 847 2855 ἐν
867 2800 938 2865 ταῖς
961 2791 1185 2872 νεοκτίστοις,

123 2895 201 2972 κάς
228 2894 264 2958 οί
286 2891 422 2978 πατέρες
448 2893 542 2978 ἡμῶν
570 2891 756 2982 ἀπῴκισαν,
786 2896 848 2962 οὐκ
875 2896 1092 2981 ἠβουλήθην,
1122 2895 1182 2981 ἐφ’

162 3001 247 3086 ὑμᾶς
275 2996 312 3066 δὲ
333 2999 537 3084 κατέφυγον,
568 3000 627 3078 οὓς
659 2999 846 3086 ἠπιστάμην
873 2999 1010 3067 πλεῖστά
1042 2999 1079 3066 θ’
1111 3003 1235 3070 ὑπὸ151

194 3301 201 3321 Ι
235 3237 250 3285 2
269 3227 510 3354 πΙροσεκαλέσαέντο
529 3246 552 3285 ο.
571 3227 676 3284 Reiske
700 3299 707 3320 ε
734 3234 759 3319 41
770 3227 873 3298 αἰτίαν,
892 3249 918 3284 κ.
938 3229 1004 3320 οῦδὲ
1023 3237 1106 3284 τοῦτο
1127 3251 1187 3300 μα-

163 3307 387 3442 ῗὲἴῖῗιῖπλοδο.
406 3299 1074 3441 έθάιέέςοῗέλὲἷάορῗέλαννοῗέῖἴέἕὲλῗΒ
1100 3307 1117 3354 ⁹
1139 3305 1187 3427 δίο

166 3438 237 3496 ἑάλω
256 3443 281 3495 Α
335 3447 369 3495 26
388 3439 562 3511 κατέφυγον
580 3441 739 3513 ἠπιστάμην
758 3441 811 3512 γδιρ
830 3443 855 3495 Α
873 3462 898 3497 κ.
914 3441 965 3505 οὓς
980 3441 1146 3512 ἠπιστάμην
1160 3445 1188 3497 R
