2508 3882
506 190 677 238 -Η-
1036 191 1099 254 211

83 358 135 432 τῆς
161 355 335 414 ποιεῖσθαι
367 350 482 432 λόγον.
534 347 687 433 ἐπάνειμι
717 347 764 433 δ’,
793 350 876 416 ὅθεν
904 353 952 429 εἰς
981 363 1101 419 τοῦτον

83 452 190 539 ἐξέβην
212 457 273 521 τὸν
297 457 412 537 λόγον.

141 559 244 626 LVII.
286 562 386 625 Μετά
415 562 478 645 τήν
502 559 539 626 ἐκ
566 571 628 627 τοῦ
650 561 795 647 χάρακος
817 561 1011 647 ἀπαλλαγήν
1034 575 1100 631 τῶν

81 675 245 749 γυναικῶν
268 666 288 732 ό
311 667 471 752 Μάρκιος
494 664 571 751 περὶ
593 667 654 731 τὸν
678 669 808 754 ὄρθρον
829 667 1017 752 ἀναστήσας
1039 672 1100 755 τήν

82 772 232 858 στρατιὰν
251 771 381 856 ἀπῆγεν
401 773 446 849 ώς
465 773 522 837 διά
540 775 666 857 φιλίας,
689 769 745 837 καὶ
764 772 877 857 ἐπειδὴ
897 771 934 838 ἐν
952 783 991 858 τῇ
1013 774 1098 841 Ούο-
1125 797 1139 837 ι

82 880 228 944 λούσκων
251 877 398 963 ἐγένετο,
421 879 543 961 πάντα,
570 878 633 943 ὅσα
657 878 693 944 ἐκ
716 889 784 945 τῶν
807 879 967 964 λαφύρων
990 882 1098 964 ἔλαβε,

82 985 313 1070 δωρησάμενος
338 993 410 1061 τοῖς
433 985 666 1071 στρατιώταις,
696 983 802 1073 ἑαυτῷ
826 982 856 1049 δ
883 983 956 1050 οὐδ’
983 985 1097 1052 ὁτιοῦν

32 1091 323 1176 ωῶὺπολιπόμενος
361 1089 529 1157 ἀπέλυσεν
562 1088 616 1156 ἐπὶ
648 1092 688 1155 τά
721 1093 834 1157 οἰκεία.
887 1091 909 1175 ή
941 1085 1003 1175 μὲν
1035 1085 1097 1157 οὖν

80 1199 309 1281 κοινωνήσασα
336 1207 407 1263 τῶν
434 1196 577 1279 ἀγώνων
606 1196 695 1285 αὐτῷ
725 1198 861 1283 στρατιά
883 1199 1015 1287 πλούτφ
1038 1200 1097 1282 βα-

80 1301 135 1388 ρεί
160 1302 350 1390 ἀφικομένη
381 1305 444 1387 τήν
467 1299 495 1368 τ’
523 1302 722 1369 ἀνάπαυλαν
746 1303 809 1368 οὐκ
831 1302 941 1387 ἀηδῶς
964 1300 1096 1382 ἐδέξατο
1111 1326 1137 1365 ιο

80 1419 133 1475 τοῦ
154 1408 307 1495 πολέμου
330 1407 387 1475 καὶ
411 1406 456 1474 δι’
483 1408 619 1486 εὐνοίας
642 1403 708 1496 εἶχε
726 1412 785 1476 τὸν
805 1410 925 1495 ἄνδρα,
947 1412 1097 1492 συγγνώ-

80 1540 135 1602 μης
155 1513 182 1580 τ’
213 1515 310 1604 ἀξιον
333 1515 463 1600 ἡγεῖτο,
491 1517 524 1580 εί
545 1516 590 1599 μή
613 1512 706 1592 τέλος
729 1511 871 1598 ἐπέθηκε
893 1523 939 1602 τῷ
962 1512 1095 1604 πολέμφ

80 1625 195 1708 μητρὸς
219 1627 353 1698 οἴκτους
376 1618 432 1686 καὶ
455 1621 548 1698 λιτάς
571 1619 748 1706 ἐντραπείς.
794 1619 815 1704 ἡ
835 1616 865 1682 δ’
887 1618 1013 1696 ἐντοῖς
1035 1623 1130 1692 πό-2

79 1733 163 1794 λεσιν
185 1728 399 1812 ὑπομείνασα
422 1729 540 1811 νεότης
558 1732 738 1812 φθονοῦσα
756 1721 819 1810 μὲν
837 1737 907 1803 τοϊς
924 1723 977 1790 ἐπὶ
997 1742 1094 1813 στρα-

9 1825 10 1892 ἷ
79 1834 216 1901 τοπέδου
239 1830 436 1918 γενομένοις
462 1843 531 1898 τῶν
553 1836 688 1897 πολλῶν
711 1829 893 1915 ὠφελειῶν,
916 1832 1094 1918 διημαρτη-
1108 1858 1134 1900 ιι

8 1947 9 1966 ²
79 1953 149 2008 κοῖα
186 1939 217 2006 δ’
257 1934 306 2005 ών
336 1940 494 2023 ήλπισεν,
532 1940 565 2003 εί
598 1940 819 2024 καθαιρεθείη
856 1940 893 2004 τὸ
926 1936 1095 2024 Ῥωμαίων

79 2051 230 2134 φρόνημα
260 2056 320 2130 τῆς
348 2049 478 2122 πόλεως
508 2043 669 2129 άλούσης,
698 2043 894 2132 ἐτραχύνετο
924 2047 1006 2131 πρὸς
1035 2047 1093 2111 τὸν

8 2137 9 2198 Ᾰ
79 2153 219 2239 ἡγεμόνα
242 2148 299 2217 καὶ
322 2152 425 2239 πικρά
449 2152 582 2237 σφόδρα
603 2145 660 2234 ήν·
683 2147 738 2215 καὶ
761 2156 954 2225 τελευτῶσα,
978 2149 1091 2234 ἐπειδὴ

79 2269 131 2324 τοῦ
154 2261 277 2344 μίσους
299 2256 466 2342 ἡγεμόνας
489 2259 587 2340 ἔλαβε
605 2259 685 2333 τοὺς
701 2261 857 2322 πλεῖστον
875 2255 913 2321 ἐν
931 2266 976 2344 τῷ
996 2259 1091 2321 ἐθνει

81 2363 295 2450 δυναμένους,
319 2362 506 2450 ἐξηγριώθη
530 2385 565 2428 τε
587 2360 643 2428 καὶ
667 2365 765 2450 ἔργον
784 2364 923 2448 ἔδρασεν
941 2361 1088 2428 ἀνόσιον.
1103 2387 1130 2426 ιο

80 2465 116 2554 ἦν
141 2468 179 2537 δὲ
208 2471 337 2546 Τύλλος
354 2467 485 2546 ’Ἀττιος
512 2469 530 2536 ό
559 2470 615 2545 τὰς
639 2468 739 2553 ὀργάς
762 2467 872 2534 αὐτῶν
894 2467 1126 2556 παραθήξας3

8 2641 9 2650 ,
81 2579 157 2662 ἔχων
175 2574 255 2662 περὶ
274 2576 377 2642 αὐτὸν
396 2573 545 2662 ἑταιρίαν
560 2573 592 2654 ἐξ
608 2574 734 2660 ἁπάσης
746 2578 874 2653 πόλεως
887 2576 948 2641 οὐκ
962 2576 1089 2661 Ιὀλίγην.
1124 2625 1148 2651 ,ι

8 2715 10 2752 ι
80 2685 177 2773 τούτφ
202 2681 233 2748 δ
256 2684 321 2768 άρα
344 2681 500 2749 ἐδέδοκτο
523 2686 721 2768 παλαίτερον
744 2685 792 2748 ἔτι
814 2685 873 2749 τὸν
896 2687 1030 2769 φθόνον
1048 2684 1089 2751 οὐ

31 2787 251 2878 Ιοθδυναμένφ
274 2786 440 2872 κατέχειν,
467 2789 499 2853 εἰ
525 2785 587 2873 μὲν
610 2782 648 2854 εὖ
670 2788 795 2875 πράξας
817 2789 836 2855 ό
857 2791 1011 2878 Μάρκιος
1034 2790 1089 2858 καὶ

82 2897 134 2978 τήν
151 2891 323 2980 Ῥωμαίων
350 2897 450 2960 πόλιν
479 2896 677 2981 διαφθείρας
705 2898 752 2973 είς
775 2895 1009 2976 Οὐολούσκους
1038 2902 1089 2966 ἐλ-
1103 2919 1129 2962 25

144 3093 159 3140 3
179 3087 250 3158 μετὰ
267 3089 366 3142 τοίνυν
384 3085 437 3156 τήν
455 3104 479 3145 ο.
493 3086 598 3142 Reisko
675 3095 691 3143 8
710 3089 930 3161 ὑπολειπόμενος
949 3090 971 3146 Ο
990 3093 1088 3148 ὑπολι-

82 3155 193 3227 πόμενος
207 3176 231 3213 ο.
247 3157 369 3228 Sylburg
441 3165 456 3214 9
476 3158 601 3232 ’δωρεὴ
619 3158 643 3212 Β
663 3161 786 3232 βαρεῖΒ
804 3177 857 3231 ego
876 3164 913 3235 βα
932 3160 968 3218 εἶ’
1055 3171 1087 3220 17

83 3223 255 3301 έτετράχυντο
273 3247 297 3285 ο.
316 3229 406 3286 Cobet
419 3231 490 3285 Nov.
509 3229 585 3285 Lech.
599 3250 626 3300 p.
641 3237 694 3286 582
713 3226 847 3303 ἐτράχυνε
865 3184 933 3288 16ss
984 3241 1017 3290 19
1036 3237 1088 3306 μύ-

84 3316 140 3363 σους
157 3319 181 3358 ο.
199 3301 302 3357 Reiske
357 3307 390 3356 21
406 3298 526 3364 Ἄττιδος
543 3302 567 3355 Β
587 3307 592 3372 Ι
612 3302 717 3374 αὐτῶν]
736 3305 810 3377 αύτῷ
828 3304 854 3358 Α
872 3307 967 3368 αὐτοῖς
985 3305 1087 3365 Suidas

85 3385 138 3431 κν,
155 3371 334 3443 παραθήγων
407 3379 441 3428 25
460 3371 584 3446 <είς>Β
609 3377 613 3444 Ι
639 3375 813 3447 διαφθείρας
832 3374 872 3440 εἰς
893 3379 1088 3448 Οὐολούσκους

83 3441 214 3511 ὑποτάξας
233 3443 255 3499 0
274 3446 388 3514 praeter
404 3443 428 3496 Β

872 3542 924 3596 14*
