2538 3884
509 207 676 260 -Θ-
1034 206 1098 270 321

84 371 252 455 παρουσίᾳ
283 379 350 434 τῶν
382 367 553 455 σφετέρων
584 366 836 454 ὑποστρέφουσί
859 391 895 433 τε
921 367 976 434 καὶ
1004 373 1102 434 κατά-

86 474 220 551 στάντες
256 473 427 559 έμάχοντο.
481 473 708 552 κυκλωθέντες
730 473 777 540 1δ’
812 472 870 541 ὑπ’
906 474 1033 560 ἀμφοῖν
1068 476 1105 541 οἱ

89 578 258 666 Τυρρηνοὶ
285 578 340 645 καὶ
368 581 445 646 οὐτε
472 584 587 666 πρόσω
615 583 894 667 διεκπορευθῆναι
919 581 1101 666 δυνάμενοι

86 689 138 752 διά
157 690 250 774 ,τοὺς
279 687 379 771 ὁμόσε
408 695 614 772 χωροῦντας,
645 685 715 753 οὐτ’
745 689 849 753 ὀπίσω
879 687 1018 772 φεύγειν
1047 685 1101 752 έπλ

86 796 141 858 τὸν
164 793 295 878 χάρακα
319 793 375 858 διὰ
397 795 477 868 τοὺς
492 793 633 859 κατόπιν
650 791 814 876 ἐπιόντας,
837 792 898 858 οὐκ
915 792 1101 880 ἀνάνδρως,
1128 817 1143 857 ε

86 899 213 983 ἀτυχῶς
237 895 267 962 δ’
294 898 331 963 οῖ’
348 901 484 975 πλείους
506 902 741 982 κατεκόπησαν.
777 898 957 984 γενομένης
979 895 1010 963 δ’
1033 901 1137 970 οἰκ-6

85 1014 161 1088 τρᾶς
190 1006 286 1088 νίκης
312 1002 389 1090 περὶ
415 1008 495 1082 τούς
516 1002 712 1091 Ῥωμαίους,
738 1004 794 1070 καλ
822 1005 863 1072 οὐ
892 1006 1101 1072 παντάπασιν

86 1106 222 1195 εὐτυχές
253 1108 347 1187 τέλος
379 1112 553 1195 είληφότος
581 1121 642 1177 τοῦ
672 1111 801 1196 ἀγῶνος
830 1112 866 1178 ολ
891 1109 953 1198 μέν
981 1111 1102 1178 ὕπατοι

86 1220 147 1303 πρὸ
165 1227 237 1282 τῶν
256 1227 385 1302 νεκρῶν
402 1218 845 1302 καταστρατοπεδευσάμενοι
862 1219 924 1302 τὴν
942 1218 1102 1284 ἐπιοῦσαν

86 1324 189 1388 νύκτα
216 1321 415 1406 ηὐλίσαντο,
442 1323 478 1388 ολ
499 1319 537 1388 δέ
558 1321 749 1407 κατέχοντες
771 1325 810 1389 τὸ
828 1320 992 1391 Ἰάνικλον
1017 1330 1103 1412 Τυρ-
1117 1349 1145 1389 ιο

88 1433 200 1513 ρηνοί,
228 1427 342 1512 ἐπειδὴ
372 1427 512 1512 οὐδεμία
534 1430 623 1514 παρὰ
643 1439 711 1494 τῶν
734 1435 872 1494 οῖιιοθεν
892 1432 1010 1515 ἤρχετο
1034 1429 1103 1495 ἐπι-

87 1539 218 1620 κουρία,
240 1539 433 1600 καταλιπεῖν
457 1537 592 1620 έκριναν
612 1537 650 1600 τὸ
668 1537 845 1622 φρούριον,
867 1535 923 1601 καλ
941 1535 1103 1622 ἀναστρα-

87 1643 346 1717 τοπεδεύσαντες
385 1642 506 1718 νυκτὸς
541 1639 673 1725 ἀπῆραν
709 1644 757 1718 είς
792 1644 853 1727 τὴν
891 1641 1103 1708 Οὐιεντανῶν

40 1751 182 1814 ιειῖπόλιυ
206 1745 375 1830 ἐγγυτάτω
400 1749 494 1831 σφίσι
517 1757 586 1812 τῶν
608 1747 826 1832 Τυρρηνίδων
847 1752 978 1814 πόλεων
997 1749 1103 1834 κειμέ-

89 1879 158 1938 νην.
205 1861 267 1918 τού
296 1850 333 1918 δέ
356 1853 499 1939 χάρακος
522 1851 633 1918 αὐτῶν
655 1854 691 1918 ολ
706 1851 860 1939 Ῥωμαῖοι
882 1841 1144 1954 κρατήσαντεςΙῗ5

89 1961 125 2025 τά
143 1983 178 2025 τε
198 1961 350 2045 χρήματα
369 1959 619 2044 διαρπάζουσιν,
639 1959 701 2026 ὅσα
719 1960 936 2028 ὑπελείποντο
955 1962 1103 2028 ἀδύνατα

90 2069 167 2132 όντα
197 2065 235 2131 έν
262 2074 353 2150 φυγῇ
381 2063 558 2151 φέρεσθαι,
588 2063 643 2130 καὶ
669 2071 870 2152 τραυματίας
896 2067 1103 2152 λαμβάνουσι

89 2173 245 2255 πολλούς,
262 2174 341 2248 τοὺς
358 2167 420 2256 μὲν
439 2171 475 2237 έν
493 2183 564 2248 ταῖς
583 2183 719 2256 σκηναῖς
732 2171 1008 2257 ἀπολειφθέντας,
1026 2176 1103 2250 τοὺς

91 2277 117 2344 δ’
141 2279 206 2344 ἀνά
228 2279 291 2362 τὴν
309 2278 392 2344 ὁδὸν
410 2279 541 2344 ἅπασαν
559 2276 794 2363 ἐστρωμένους.
830 2278 1021 2362 ἀντείχοντο
1040 2279 1102 2364 γάρ
1118 2286 1139 2349 8

89 2407 176 2461 τινες
210 2386 403 2468 γλιχόμενοι
434 2393 493 2468 τῆς
524 2387 638 2451 οῖκαδε
669 2384 752 2451 ὁδοῦ
782 2381 839 2449 καὶ
871 2383 1103 2471 διεκαρτέρουν
1117 2416 1146 2454 το

90 2492 177 2577 παρά
205 2491 352 2575 δύναμιν
379 2489 659 2575 ἀκολουθοῦντες,
686 2485 756 2556 εἶτα
783 2490 1023 2576 βαρυνομένων
1045 2492 1104 2556 αὐ-

27 2669 28 2672 ¹
90 2609 159 2674 τοῖς
180 2607 251 2662 τῶν
270 2594 380 2681 μελῶν
397 2597 580 2682 ἡμιθνῆτες
598 2595 777 2683 κατέρρεον
795 2595 849 2662 ἐπὶ
866 2599 928 2681 τὴν
945 2606 1022 2681 γῆν·
1047 2597 1128 2691 οὓς,

27 2689 28 2692 ¹
92 2705 125 2768 οί
145 2714 212 2770 τῶν
231 2701 401 2787 Ῥωμαίων
426 2692 533 2778 ἱππεῖς
555 2701 608 2768 έπλ
631 2706 717 2768 πολὺ
740 2711 797 2787 τῆς
819 2703 903 2771 ὁδοῦ
920 2707 1106 2791 προελθόν-

92 2832 142 2886 τες
167 2807 356 2875 ἀνείλοντο·
387 2806 441 2873 καλ
469 2806 581 2890 ἐπειδὴ
605 2805 707 2874 οὐδέν
730 2810 778 2873 ἔτι
800 2809 960 2896 πολέμιον
982 2806 1026 2895 ἦν
1048 2837 1105 2878 κα-

27 2937 28 3008 j
92 2918 249 2992 δελόντες
271 2917 309 2980 τὸ
332 2915 497 3000 φρούριον
519 2912 575 2979 καὶ
592 2915 633 2980 τά
651 2915 784 3001 λάφυρα
803 2915 940 3000 άγοντες
957 2915 1041 3004 ἧκον
1058 2923 1106 2996 είς
1120 2947 1151 2988 τε

92 3022 152 3104 τὴν
173 3023 286 3103 πόλιν,
308 3022 348 3086 τά
372 3023 505 3105 σώματα
526 3031 593 3086 τῶν
617 3020 654 3087 έν
676 3030 715 3107 τῇ
733 3022 820 3109 μάχη
839 3027 1105 3109 τελευτησάντων

93 3131 285 3212 κομίσαντες
308 3128 443 3212 οἰκτράν
466 3129 545 3204 ὐύιν
568 3128 670 3193 άπασι
691 3139 761 3204 τοῖς
783 3134 933 3207 πολίταις
951 3132 1007 3195 διά
1025 3135 1106 3214 πλῆ-

162 3316 359 3390 3διαπο<ρευ
389 3317 473 3391 ”ν>αι
490 3317 537 3371 Bb
625 3317 814 3393 6οίκ<τρ>ῶς
831 3321 880 3374 Bb
967 3327 998 3375 12
1019 3341 1107 3376 κατα-

27 3451 28 3456 ,
94 3386 197 3445 λείπειν
217 3389 265 3444 Ba
338 3395 371 3444 18
405 3409 422 3444 ν
440 3395 502 3451 ταῖς
519 3395 636 3458 σκηναῖς
654 3407 708 3446 om.
723 3391 770 3445 Ba
843 3398 875 3446 19
895 3393 1041 3462 ἀνείχοντο
1060 3395 1108 3449 vel

94 3460 222 3532 ἀντεῖχον
240 3477 265 3515 ο.
279 3459 423 3529 Kiessling

145 3561 246 3604 D1o1us.
261 3561 326 3603 Hm.
336 3561 380 3602 111.
407 3570 446 3600 nn.
462 3561 563 3602 Jmonx.
912 3559 945 3608 21
