2508 3882
528 223 695 274 -H-
1054 219 1118 285 193

103 383 229 467 αύταῖς,
253 381 312 448 ἐάν
334 382 354 466 ἡ
377 385 474 460 πόλις
495 381 589 468 ἡμῶν
611 383 676 450 ὑπὸ
699 395 769 461 τοῖς
788 387 957 468 πολεμίοις
975 377 1119 468 γέυηται,

103 499 213 554 πᾶσαν
243 490 350 573 άλληυ
380 487 586 573 ἀπογνοῦσαι
615 491 793 574 βοήθειαν,
821 489 934 573 ἐπειδὴ
963 500 1033 566 τοῖς
1061 489 1120 555 άν-

105 595 224 680 δράσιυ
248 595 358 661 αὐτῶν
381 594 511 674 ἀξιοῦσι
529 597 754 662 διαλύσασθαι
771 599 831 663 τὸν
848 599 995 682 πόλεμον
1013 596 1120 662 αύθά-

105 703 172 779 δεις
194 699 251 766 καὶ
274 703 419 787 σκληράς
436 704 562 780 ἐδιοιιας
579 701 779 788 άποκρίσεις,
802 703 943 786 ἄγουσαι
961 704 1000 768 τά
1023 699 1120 768 τέκυα

106 805 157 872 καὶ
185 819 256 886 τοῖς
281 813 459 894 πενθίμοις
484 810 616 886 τούτοις
640 807 862 894 ἠμφιεσμέναι
889 811 1023 894 τρύχεσι
1044 831 1120 874 κατ-
1146 835 1160 876 ι

108 913 232 999 ἔφυγον
262 911 313 980 ἐπ’
341 913 414 1000 ἐμέ,
443 916 505 999 τὴν
535 917 598 1000 σὴν
628 914 762 1002 μητέρα,
790 914 846 982 κοιλ
875 916 1121 1000 Οὐολουμνίαν,

107 1021 165 1104 τὴν
198 1023 264 1106 σὴν
296 1034 454 1107 γυναῖκα,
486 1025 660 1108 δεόμεναι,
691 1024 735 1108 μὴ
764 1025 927 1109 περιιδεῖν
954 1021 1055 1099 αύτδς
1081 1022 1121 1086 τὰ

108 1125 244 1211 μέγιστα
265 1139 334 1194 τῶν
356 1127 394 1194 ἐν
416 1127 611 1215 ἀνθρώποις
631 1141 742 1195 κακῶν
765 1129 831 1195 ὑπὸ
854 1138 917 1195 σοῦ
934 1127 1120 1205 παθούσας·

109 1229 212 1298 οὐθὲν
236 1230 298 1318 μὲν
321 1233 397 1300 οὔτε
421 1238 533 1320 μεῖζον
556 1233 625 1302 οὔτ’
654 1238 790 1301 ἔλαττον
808 1237 855 1312 είς
876 1233 962 1320 ἡμᾶς
985 1233 1122 1320 ἐξαμαρ-

82 1335 240 1422 Ιτοῦσαι,
267 1341 396 1424 πολλὴν
424 1337 461 1406 δέ
488 1345 560 1425 καί,
587 1339 634 1407 ὅτ’
661 1341 882 1428 εὐτυχοῦμεν,
909 1342 1045 1407 εὔνοιαν
1073 1342 1122 1405 ἔτι
1136 1365 1162 1404 ιο

108 1449 367 1532 παρασχόμεναι,
384 1451 451 1531 καί,
469 1445 516 1513 ὅτ’
535 1447 745 1533 ἐπταίσαμεν,
759 1447 979 1531 συμπάθειαν.
1004 1448 1122 1532 ἔχομεν
1136 1454 1156 1518 3

109 1553 168 1638 γάρ
198 1553 314 1631 αὐταῖς
341 1565 537 1639 μαρτυρεῖν,
565 1553 598 1632 ἐξ
625 1549 666 1620 οὗ
694 1557 736 1620 σὺ
764 1553 891 1639 ἀπῆρας
918 1551 954 1618 ἐκ
983 1561 1041 1636 τῆς
1061 1572 1122 1616 πα-

109 1659 236 1744 τρίδος,
262 1659 357 1744 ἡμεῖς
384 1657 413 1724 δ’
442 1663 559 1747 ἔρημοι
585 1658 701 1727 καὶτὸ
725 1656 834 1744 μηθὲν
857 1661 904 1724 ἔτι
927 1653 1025 1724 οὖσαι
1047 1681 1123 1724 κατ-

60 1769 319 1850 ιιιιελειπόμεθα,
342 1777 489 1852 συνεχῶς
505 1789 540 1831 τε
558 1763 839 1852 παραγινομέναις
857 1769 939 1852 πρὸς
961 1764 1047 1850 ἡμᾶς
1068 1763 1123 1830 καὶ

58 1871 60 1878 ’
109 1869 426 1957 παραμυθουμέναις
452 1873 510 1949 τάς
538 1872 713 1958 συμφορὰς
738 1869 911 1956 ἡμῶνκαὶ
938 1873 1122 1955 συναλγού-
1137 1893 1164 1934 ιε

111 1993 189 2054 σαις.
235 1977 364 2042 τούτων
392 1977 434 2062 δὴ
462 1979 691 2063 λαμβάνουσαι
718 1980 852 2062 μνήμην
876 1977 940 2061 ἐγώ
968 1975 1080 2044 τεκαὶ
1103 1977 1123 2060 ἡ

113 2083 149 2165 σὴ
172 2084 260 2167 γυνὴ
285 2083 332 2167 [ἡ]
356 2094 624 2170 συνοικουροῦσα
646 2081 714 2169 μετ’
737 2083 818 2168 ἐμοῦ
841 2085 898 2160 τάς
921 2084 1044 2159 ίιιεσίας
1067 2083 1125 2147 αύ-

114 2199 175 2253 τῦν
198 2189 261 2254 οὐκ
285 2188 555 2277 ἀπεστράφημεν,
583 2187 654 2256 ἀλλ’
681 2191 919 2276 ὑπεμείναμεν,
942 2189 987 2265 ὡς
1007 2187 1124 2271 ἠξίουν

115 2293 195 2377 ἡμᾶς
217 2293 333 2361 ἐλθεῖν
354 2295 406 2362 ἐπὶ
431 2293 467 2362 σὲ
485 2295 540 2362 καὶ
557 2298 616 2375 τὰς
632 2294 716 2384 ὑπὲρ
734 2305 792 2382 τῆς
809 2297 966 2382 πατρίδος
987 2297 1125 2379 ποιησα-
1200 2329 1205 2338 ·

116 2406 193 2466 σθαι
216 2403 353 2486 δεήσεις.
904 2444 914 2464 .
1138 2425 1164 2464 εο

177 2503 380 2574 XXXXVII.
421 2506 492 2573 Ἔτι
520 2507 551 2574 δ’
582 2508 683 2594 αὐτῆς
710 2510 870 2593 λεγούσης
898 2508 1076 2592 ὑπολαβὼν
1107 2509 1125 2574 ὁ

119 2613 266 2698 Μάρκιος
293 2609 398 2680 είπεν·
418 2611 609 2680 Ἀδυνάτων
633 2613 789 2699 δεομένη,
816 2624 933 2700 μῆτερ,
961 2613 1127 2698 ἐλήλυθας

120 2716 251 2795 άξιοῦσα
280 2722 470 2808 προδοῦναί
495 2744 535 2805 με
563 2733 632 2798 τοῖς
659 2721 835 2806 ἐκβαλοῦσι
861 2723 940 2798 τοὺς
968 2720 1127 2801 ὑποδεξα-

122 2820 249 2908 μένους,
275 2823 331 2889 καὶ
357 2836 427 2902 τοῖς
454 2826 582 2891 ἅπαντά
609 2849 649 2910 με
680 2824 898 2910 ἀφελομένοις
920 2827 959 2891 τὰ
984 2825 1128 2911 ἐμαυτοῦ

123 2932 192 3006 τοὺς
212 2928 454 3017 χαρισαμένους
476 2931 517 2996 τὰ
535 2930 670 3016 μέγιστα
692 2941 760 2997 τῶν
778 2930 815 2996 ἐν
838 2929 1030 3018 ἀνθρώποις
1049 2933 1128 3017 ἄγοι-
1141 2953 1167 2993 νε

123 3039 201 3100 θῦν·
228 3029 279 3114 οἷς
308 3035 372 3119 ἐγὼ
399 3038 461 3121 τὴν
484 3035 590 3123 ἀρχὴν
613 3038 711 3121 τηνδε
734 3038 1004 3123 παραλαμβάνων
1026 3041 1129 3116 θεούς

190 3197 202 3244 1
221 3192 276 3246 ὑπὸ
297 3191 319 3246 0
339 3187 428 3246 ἐπλο.
449 3191 537 3247 Cobet
555 3193 621 3248 Obs
638 3211 666 3262 p.
683 3199 734 3246 164
754 3193 881 3247 Herhlein
899 3193 1016 3248 Hennes
1035 3193 1126 3247 Χ417

129 3260 268 3334 5<ἠ>μφι
269 3261 426 3351 εσμέναιΒ
519 3270 550 3317 10
570 3264 685 3318 εύνοιαν
705 3261 746 3318 ἐτι
764 3283 793 3317 π.
813 3263 836 3318 Ο
857 3262 898 3318 ἐτι
916 3264 956 3318 εύ.
974 3283 1004 3317 π.
1023 3263 1127 3318 Reiske

132 3335 159 3382 4
174 3352 210 3386 π
194 3332 408 3424 αραγινομένοιις
425 3334 495 3404 πρὸς
513 3333 586 3426 ἡμᾶς
601 3335 650 3389 κοιλ
664 3332 939 3425 παραμυθουμέναις
954 3333 1004 3396 τὰς
1021 3351 1128 3426 συμφρ-

130 3399 211 3464 &A
228 3404 469 3475 παραγινομέναις
490 3413 552 3469 ταις
569 3405 767 3476 συμφοραιςΒ
805 3410 809 3474 Ι
843 3403 939 3458 παλ
910 3425 961 3467 τας
983 3407 1129 3476 συμφοράς

134 3489 163 3538 η.
171 3476 365 3545 συναλγούσαις
383 3477 403 3532 O
423 3476 457 3532 cf
477 3476 566 3532 Cobet
585 3478 650 3532 Oba.
668 3495 696 3546 p.
713 3482 762 3530 165
852 3473 1128 3543 17ηπι1ύ.Βοὶε]ιε

176 3571 548 3617 Dmfflfflwmmoo
936 3569 968 3617 13
