2508 3882
477 213 644 262 -Η-
1000 207 1066 272 225

79 371 237 457 είσίβαλεν.
288 371 434 438 ἐνταῦθα
470 373 534 458 γὰρ
563 367 605 456 ήν
640 372 766 450 Τύλλος
788 371 917 449 ”Amos
948 372 967 438 ὁ
999 381 1067 436 τῶν

79 479 282 546 Οὐολούσκων
304 479 436 564 ἡγεμών
458 481 520 564 τήν
540 477 761 564 ἀκμαιοτάτην
780 478 1068 562 συσκευασάμενος

78 586 229 672 στρατιάν,
261 587 397 671 γνώμην
424 587 510 672 ἔχων
537 586 576 651 τὰ
603 585 791 671 συμμαχικὰ
812 582 983 668 Ῥωμαίων
1009 607 1067 649 κα-

79 704 163 758 κῶσαι
183 703 325 778 πρῶτον,
348 693 457 778 ὥσπερ
481 693 500 759 ὁ
522 693 676 779 Μάρκιος
699 693 850 778 ἔδρασεν,
873 687 921 756 ὅτ’
948 693 1066 776 ήρχετο

80 807 124 863 τοῦ
142 797 301 885 πολέμου,
331 798 429 878 δόξας
458 797 494 863 έν
517 807 562 887 τῷ
586 798 674 884 αὐτῷ
701 802 796 888 φόβην
814 795 993 882 Ῥωμαίους
1020 798 1067 862 ἔτι
1095 816 1109 856 ε

84 903 226 988 διαμένειν
248 903 305 970 καὶ
327 907 490 991 μηδεμίαν
513 915 583 981 τοῖς
601 900 685 989 ὑπέρ
704 905 814 970 αὐτῶν
831 904 1068 970 κινδυνεύουσι

84 1008 198 1093 τέμνειν
230 1010 433 1098 ἐπικουρίαν.
485 1011 530 1088 ὡς
562 1008 592 1076 δ’
627 1011 791 1097 ώηιθησάν
823 1034 857 1076 τε
889 1008 944 1075 καὶ
976 1004 1069 1075 εἶδον

23 1185 25 1194 ,
82 1115 200 1200 άλλήλας
217 1119 257 1184 αί
273 1118 442 1202 δυνάμεις,
460 1113 560 1184 οὐδέν
577 1120 624 1183 ἔτι
643 1116 888 1202 ἀναβαλόμεναι
901 1113 1069 1202 συνῄεσαν

83 1224 115 1299 είς
132 1224 254 1290 ταύτόν.
302 1219 345 1308 ήν
373 1221 403 1289 δ’
431 1224 458 1290 ό·
476 1235 583 1309 χῶρος
610 1224 628 1290 ὁ
656 1222 777 1309 μεταξὺ
804 1232 871 1288 τῶν
894 1219 1104 1309 στρατοπέ-2

83 1329 144 1412 δον,
163 1329 198 1395 έν
221 1323 248 1419 ᾧ
274 1330 335 1413 τήν
358 1331 465 1415 μάχην
487 1331 555 1395 ἔδει
578 1328 748 1412 γενέσθαι,
778 1331 880 1413 λόφος
902 1328 1071 1414 πετρώδης
1085 1347 1111 1387 ιο

82 1440 203 1522 πολλαχῇ
225 1437 481 1522 περικατεαγώς,
504 1437 589 1502 ἔνθα
612 1434 800 1520 οὐδετέροις
817 1434 838 1517 ή
856 1436 954 1511 ἵππος
979 1436 1071 1518 ἔμελ·Ι
1128 1477 1131 1482 -

85 1545 128 1604 λεν
147 1545 279 1609 ἔσεσθαι
295 1545 448 1630 χρησίμη.
494 1545 659 1627 μαθόντες
680 1536 718 1607 δέ
735 1537 833 1608 τοῦθ’
857 1542 892 1607 οί
911 1551 977 1606 τῶν
996 1538 1071 1605 Ῥω-

84 1650 168 1728 μαίων
189 1651 301 1727 ίππελς
322 1647 377 1742 ua}
400 1647 436 1714 έν
459 1649 599 1736 αἰσχύνη
620 1647 770 1733 θέμενοι,
792 1649 824 1714 εί
843 1650 1004 1733 παρόντες
1025 1653 1070 1733 τῷ

44 1752 166 1836 οιιὰγῶνι
192 1752 301 1840 μηδέν
332 1757 662 1840 προσωφελήσουσιν,
692 1752 825 1821 ἐδέοντο
855 1763 915 1820 τοῦ
944 1754 1072 1819 ὑπάτου

83 1864 305 1942 προσελθόντες
328 1859 460 1944 ὰθρόοι,
484 1858 578 1926 έᾶσοιι
598 1869 684 1945 σφᾶς
701 1859 905 1945 καταβάντας
924 1858 988 1925 ἀπὸ
1006 1870 1073 1925 τῶν
1088 1879 1113 1920 ιε

23 1951 24 1954 “
83 1965 170 2032 ἵππων
188 1967 355 2052 μάχεσθαι
373 1967 500 2049 πεζούς,
522 1968 554 2030 εί
569 1961 657 2032 τοῦτ’
680 1965 769 2052 αὐτῷ
790 1966 884 2031 δοκεῖ
898 1965 1073 2050 κράτιστον

24 2159 26 2166 y
85 2066 158 2138 εἶναι.
199 2073 355 2150 κάκεῑνος
381 2073 487 2138 πολλὰ
509 2070 690 2150 Ι’ἐπαινέσας
719 2072 840 2148 αὐτοὺς
867 2071 1109 2155 καταβιβάζειδ

24 2175 25 2190 ³
86 2175 103 2240 τ’
124 2179 180 2246 ὰπὸ
203 2191 273 2246 τών
296 2181 422 2263 ἳππων,
449 2177 504 2244 καὶ
532 2181 595 2244 σὺν
618 2176 723 2266 ἑαυτῷ
747 2176 964 2263 τεταγμένους
986 2172 1073 2261 εἶχεν

88 2281 262 2364 ἐπισκόπους
284 2308 318 2350 τε
342 2284 397 2352 καὶ
420 2285 655 2369 ἐπανορθωτὰς
671 2295 733 2352 τοῦ
754 2285 939 2369 κάμνοντος
962 2281 1074 2367 έσομέ-

86 2412 157 2469 νους·
185 2390 424 2476 καλ’ίγένοντο
453 2401 510 2475 τῆς
536 2395 609 2458 τότε
637 2395 731 2476 νίκης
761 2396 912 2477 λαμπρὰς
943 2389 1074 2486 σφόδρα
1088 2413 1115 2452 ιο

25 2555 27 2590 3
86 2498 244 2583 γενομένης
272 2494 366 2565 οὗτοι
388 2497 558 2583 Ῥωμαίοις
585 2505 695 2565 αἴτιοι.
738 2499 776 2563 τὸ
804 2493 864 2582 μέν
892 2497 955 2582 γὰρ
978 2497 1075 2574 πεζὸν

26 2609 28 2730 ι
87 2601 264 2690 ἀμφοτέρων
291 2609 415 2690 πλήθει
440 2603 470 2669 τ’
496 2604 686 2691 ἀνθρώπων
713 2604 758 2683 ὡς
784 2605 924 2689 μάλιστα
950 2597 993 2688 ήν
1021 2600 1078 2667 καὶ

26 2739 27 2752 ¹
87 2707 240 2796 ὁπλισμοῖς
268 2711 504 2796 ὁμοιότροπον,
536 2710 655 2790 τάξεώς
683 2734 717 2777 τε
747 2713 860 2799 κόσμῳ
888 2707 944 2775 καὶ
973 2710 1077 2796 μάχης

88 2811 218 2904 ἐμπειρίᾳ
246 2817 328 2882 κατά
355 2815 384 2881 τ’
416 2816 586 2901 ἐπαγωγὰς
612 2814 668 2883 καὶ
695 2816 922 2902 ὑποχωρήσεις
952 2817 1079 2901 πληγάς

27 2931 29 2972 ι
88 2917 107 2982 ι’
128 2918 165 2988 οὗ
192 2921 248 2989 καὶ
276 2924 426 3007 φυλακὰς
452 2925 692 3009 παραπλήσιον.
737 2921 925 3008 μετέμαθον
954 2924 1017 3009 γὰρ
1046 2925 1081 2990 οί
1091 2906 1119 3021 {²⁵

27 2977 29 3082 έ
90 3027 279 3096 Οὐολοῦσκοι
301 3030 407 3095 πάντα
429 3032 470 3095 τὰ
493 3028 649 3114 πολέμια,
679 3028 711 3109 έξ
736 3025 776 3095 οὗ
800 3030 957 3116 Μάρκιον
980 3032 1078 3117 ἔσχον

27 3087 30 3208 δ
147 3183 378 3259 λείσέβαλλενΒ
408 3189 412 3254 Ι
437 3183 556 3249 ’Ἄττιδος
573 3186 596 3239 Β
612 3184 806 3249 ἈττίδιοςΑΟ
828 3202 912 3256 saepe
984 3185 1079 3240 9*τὸ

28 3257 29 3338 ὰ
90 3253 182 3310 “th
256 3263 288 3312 16
308 3255 357 3346 (εί
373 3257 514 3339 τοῦτο>ῌ
536 3261 540 3328 1
562 3260 632 3326 δοκή
650 3258 697 3312 Ba
716 3261 721 3327 Ι
741 3255 973 3398 κράτιστ<ονῖΒ
1046 3263 1079 3310 19

28 3367 29 3382 ,
90 3333 128 3377 τοῦ
144 3327 294 3398 κάμνοντος
312 3347 413 3398 μεροος
431 3346 454 3385 ο.
473 3329 617 3398 Klossling
706 3335 739 3384 21
760 3326 911 3398 γενομένης
947 3322 1081 3397 ἐσομένης

28 3415 29 3460 1
91 3393 294 3526 ξῧΒοημχρρχένχης
312 3401 416 3469 AmgC
524 3407 558 3455 22
577 3401 738 3472 ἀνθρώπων
758 3399 910 3470 ίοάρνθμον
932 3415 955 3452 ο.
975 3397 1082 3453 Βεὶελςο

134 3566 226 3612 onm.
240 3571 301 3612 Ηιο.
311 3571 355 3610 ΙΠ.
383 3579 422 3610 ιο.
436 3571 536 3614 ίαοοετ,
890 3563 922 3612 15
