2484 3876
498 169 666 220 -Η-
1025 168 1088 233 177

84 354 111 395 τι
126 326 287 413 πρακτέον
304 328 398 414 ὑμίν·
421 326 483 405 ἕως
503 324 541 393 δέ
559 330 802 416 βουλεύσησθε,
824 331 947 416 δίδωμι
964 337 1088 418 χρόνον

83 436 155 519 ὑμῖν
176 435 310 522 ἡμερῶν
332 434 518 521 τριάκοντα.
563 434 601 500 ἐν
625 432 662 502 δὲ
684 445 730 525 τῷ
754 435 874 522 μεταξὺ
892 439 1002 528 χρόνῳ
1025 438 1089 522 σήν

83 565 113 608 τε
132 542 240 628 χάριν,
262 535 290 606 δι
308 541 476 626 Μηνύκιε,
498 538 554 607 καλ
572 553 640 608 τῶν
658 543 770 608 ἀλλων
790 543 886 629 ὑμῶν
909 543 1006 610 ἕνεκα
1028 545 1090 628 την

82 647 229 733 στρατιὰν
259 645 297 712 ἐκ
324 655 382 732 τῆς
410 648 518 735 χώρας
547 646 673 727 ἀπάξω·
704 649 829 734 μεγάλα
858 651 922 738 γάρ
945 649 988 716 ἂν
1010 650 1090 735 βλά-

81 759 208 820 πτοισθε
248 755 413 839 μενούσης
448 753 549 839 αὐτῆς
583 753 716 822 ἐνθάδε.
770 764 810 842 τῇ
845 752 882 822 δέ
913 765 1089 845 τριακοστῇ
1116 777 1129 818 ι

79 857 303 945 προσδέχεσθέ
323 883 362 944 με
385 858 491 948 ἡμέρᾳ
512 861 572 939 τὰς
593 860 784 948 ἀποκρίσεις
805 865 1003 947 ληψόμενον.

136 965 291 1032 XXXVI.
323 964 422 1033 Ταῦτ’
438 967 542 1034 είπάιν
564 965 684 1053 ἀνέστη
702 967 759 1034 καλ
777 966 909 1036 διέλυσε
932 971 991 1035 τὸν
1011 968 1090 1034 σύλ-

79 1077 180 1155 λογον.
227 1083 270 1159 τῇ
294 1069 324 1138 δ’
352 1072 490 1160 ἐπιούση
513 1071 609 1140 νυκτὶ
631 1072 708 1162 περὶ
729 1076 791 1159 την
812 1077 1004 1142 τελευταίαν
1026 1097 1091 1160 φυ-

79 1180 174 1263 λακὴν
202 1179 393 1264 ἀναστήσας
419 1181 481 1265 την
508 1181 667 1268 στρατιὰν
692 1177 775 1267 ἦγεν
804 1179 858 1248 έπλ
886 1182 945 1260 τὰς
973 1179 1090 1258 λοιπάς

79 1294 137 1349 τῶν
158 1289 320 1353 Λατίνων
345 1288 460 1364 πόλεις
485 1292 550 1352 είτε
577 1285 648 1354 κατ’
679 1287 842 1373 ἀληθειαν
870 1285 1091 1373 πεπυσμένος,
1106 1307 1131 1348 1⁰

28 1389 123 1456 ισειόιι
144 1391 263 1476 μέλλοι
286 1413 336 1470 τις
359 1391 490 1458 έκεδθεν
513 1391 686 1481 ἐπικουρία
703 1391 875 1479 Ῥωμαίοις
897 1392 1091 1479 ἀφικέσθαι,

79 1497 118 1575 ὡς
137 1501 211 1564 τότε
232 1499 432 1585 δημηγορῶν
451 1501 585 1586 ἔφησεν,
607 1497 667 1565 είτ’
689 1498 788 1578 αύτδς
804 1500 1014 1584 πλασάμενος
1031 1501 1091 1564 τὸν

79 1606 188 1689 λόγον,
218 1605 277 1670 ἵνα
304 1606 350 1689 μὴ
377 1604 483 1684 δόξειε
512 1608 724 1694 χαριζόμενος
746 1616 816 1684 τοίς
838 1604 973 1694 ἐχθροῖς
994 1629 1092 1672 κατα-

80 1709 264 1778 λελοιπέναι
289 1714 350 1779 τδν
376 1715 532 1797 πόλεμον.
576 1711 745 1796 ἐπιβαλὼν
771 1708 810 1779 δέ
836 1720 876 1798 τῇ
903 1709 1127 1798 καλουμένη2

80 1820 232 1907 Λογγόλᾳ
249 1817 306 1884 καλ
325 1820 402 1905 δίχα
419 1822 527 1886 πόνον
546 1821 724 1904 γενόμενος
742 1818 843 1904 αὐτῆς
861 1817 1019 1906 ἐγκρατὴς
1036 1813 1092 1882 καλ
1106 1835 1132 1876 1⁵

81 1925 132 1990 τὸν
161 1925 269 1992 αὐτὸν
295 1927 420 2010 τρόπον
448 1923 550 2013 ὅνπερ
581 1925 640 2003 τὰς
671 1921 783 2012 ἐτέρας
812 1922 1092 2013 ἐξανδραποδισά-

81 2034 171 2112 μενός
197 2055 236 2098 τε
262 2030 319 2098 καὶ
347 2032 532 2120 διαρπάσας
560 2029 613 2097 ἐπὶ
642 2031 703 2115 τὴν
725 2035 945 2116 Σατρικανῶν
967 2032 1091 2114 ἤλαυνε

82 2139 180 2204 πόλιν.
228 2136 314 2204 ἐλὼν
343 2135 382 2203 δὲ
407 2139 463 2204 καλ
493 2139 617 2222 ταύτην
640 2138 756 2222 ὀλίγον
779 2136 1003 2222 ἀντισχόντων
1025 2145 1092 2200 τῶν

83 2240 113 2306 ἐν
140 2245 225 2330 αὐτῇ
252 2248 392 2332 χρόνον,
419 2243 476 2311 καλ
505 2245 563 2322 τὰς
590 2243 623 2323 ἐξ
652 2244 762 2310 αὐτῶν
786 2240 983 2328 ἀμφοτέρων
1012 2245 1092 2322 [τῶν

83 2351 217 2433 πόλεων]
252 2351 413 2437 ὠφελείας
444 2349 537 2439 μέρει
566 2358 627 2433 τῆς
657 2359 812 2438 στρατιᾶς
842 2349 999 2424 κελεύσας
1031 2345 1092 2411 άπ-
1106 2364 1132 2405 ει

84 2455 168 2538 άγειν
186 2459 238 2534 είς
249 2454 415 2545 Ἐχέτραν,
433 2459 495 2542 την
514 2457 635 2540 λοιπὴν
653 2456 831 2540 ἀναλαβὼν
849 2454 993 2539 δύναμιν
1010 2447 1092 2536 ἦγεν

86 2559 130 2627 ἐπὶ
154 2567 257 2630 πόλιν
284 2565 390 2648 άλλην
416 2565 479 2648 την
504 2562 714 2648 καλουμένην
737 2563 870 2627 Κετίαν.
914 2562 1093 2644 γενόμενος

39 2664 117 2732 ιοεεδέ
136 2669 192 2736 καὶ
215 2671 336 2755 ταύτης
358 2670 517 2756 ἐγκρατὴς
543 2669 599 2737 καὶ
622 2668 806 2757 διαρπάσας
827 2667 875 2744 είς
896 2667 958 2751 τὴν
980 2670 1093 2732 Πολυ-

87 2787 210 2844 σκανῶν
231 2778 344 2864 χώραν
367 2774 532 2862 ἐνέβαλεν.
578 2776 619 2843 ού
638 2771 854 2860 δυνηθέντων
873 2769 904 2839 δ’
926 2772 1093 2859 ἀντισχεῖν

87 2891 144 2947 τῶν
166 2887 400 2949 Πολυσκανῶν
426 2882 509 2948 κατὰ
536 2881 655 2967 κράτος
682 2865 768 2946 ἑλὼν
794 2877 850 2946 καλ
878 2879 1017 2957 τούτους
1039 2875 1093 2944 ἐπὶ
1108 2895 1134 2935 2⁵

150 3011 163 3093 β
184 3002 374 3076 βουλεύσεσθε
391 3003 417 3056 A
436 3002 627 3075 βουλεύσησθε
645 3002 668 3056 Β
688 3000 880 3076 βουλεύσασθε
899 3000 950 3056 OD
1007 3004 1023 3052 λ
1042 3005 1093 3088 σοβ

88 3074 253 3200 grows?
296 3071 769 3213 λδὸλέύδύαῆᾱέύαἳλοὲιδδεῗέἐελδμ
786 3077 836 3199 116ό2
850 3069 1094 3211 λογγάδένῡαοβύξεῖ

89 3213 200 3288 Sylburg
251 3220 284 3269 17
299 3215 459 3285 ἀτρικανῶν
468 3216 494 3269 A
508 3214 663 3296 ἀτρικανῶν
678 3214 699 3270 O
750 3220 783 3269 19
798 3215 890 3268 αύτῶν
904 3210 958 3266 del.
970 3210 1070 3264 Portus
1087 3211 1090 3278 λ

90 3284 164 3340 *τῶν
181 3287 291 3342 πόλεων
311 3288 334 3341 Ο
354 3286 434 3342 uncis
452 3286 555 3341 inclusl
628 3291 663 3340 20
682 3283 760 3357 μέρει
782 3304 812 3339 τε
830 3289 880 3351 τῆς
898 3281 920 3336 O
939 3279 1093 3349 praeterss

89 3359 118 3408 21
128 3355 261 3429 Ἐχὲτρων
275 3357 350 3412 Prou
448 3363 483 3413 22
503 3357 641 3431 <ιιε>τίαν
660 3357 683 3410 Β
705 3357 804 3410 κοτίαν
822 3353 917 3420 Lapus
941 3351 1050 3418 Σητίαν
1069 3367 1094 3406 ο.

90 3423 212 3482 Gelenius
285 3435 319 3484 23
339 3429 369 3483 ολ
387 3447 413 3483 v.
433 3435 467 3484 25
486 3426 664 3483 τουσιιλάνων
682 3427 708 3480 Α
726 3429 887 3479 τυσκλανῶν
905 3421 998 3489 Lapus

135 3526 230 3570 mom.
246 3529 311 3570 Hm.
320 3529 367 3569 111.
395 3537 434 3568 nn.
448 3528 550 3569 δεσυντ.
710 3589 714 3598 Ι
899 3513 932 3560 12
