<?xml version="1.0" encoding="UTF-8"?>
<!DOCTYPE html PUBLIC "-//W3C//DTD XHTML 1.0 Transitional//EN"
    "http://www.w3.org/TR/xhtml1/DTD/xhtml1-transitional.dtd">
<html xmlns="http://www.w3.org/1999/xhtml" xml:lang="en" lang="en">
 <head>
  <title>
</title>
<meta http-equiv="Content-Type" content="text/html;charset=utf-8" />
  <meta name='ocr-system' content='tesseract 3.04.00' />
  <meta name='ocr-capabilities' content='ocr_page ocr_carea ocr_par ocr_line ocrx_word'/>
</head>
<body>
  <div class='ocr_page' id='page_1' title='image "./antiquitatumrom02jacogoog_0260.png"; bbox 0 0 2508 3882; ppageno 0'>
   <div class='ocr_carea' id='block_1_1' title="bbox 474 209 1061 273">
    <p class='ocr_par' dir='ltr' id='par_1_1' title="bbox 474 209 1061 273">
     <span class='ocr_line' id='line_1_1' title="bbox 474 209 1061 273; baseline -0.01 5"><span class='ocrx_word' id='word_1_1' title='bbox 474 213 642 262; x_wconf 61' lang='lat' dir='ltr'><strong><em>-H-</em></strong></span> <span class='ocrx_word' id='word_1_2' title='bbox 998 209 1061 273; x_wconf 80' lang='lat'><strong><em>231</em></strong></span> 
     </span>
    </p>
   </div>
   <div class='ocr_carea' id='block_1_2' title="bbox 29 349 1191 1842">
    <p class='ocr_par' dir='ltr' id='par_1_2' title="bbox 29 349 1191 1840">
     <span class='ocr_line' id='line_1_2' title="bbox 29 349 1065 456; baseline 0.004 -22"><span class='ocrx_word' id='word_1_3' title='bbox 29 423 32 432; x_wconf 91' lang='lat'><em>.</em></span> <span class='ocrx_word' id='word_1_4' title='bbox 80 381 129 455; x_wconf 76' lang='grc' dir='ltr'><strong><em>γῆς</em></strong></span> <span class='ocrx_word' id='word_1_5' title='bbox 148 383 211 448; x_wconf 87' lang='grc' dir='ltr'><strong><em>τοῖς</em></strong></span> <span class='ocrx_word' id='word_1_6' title='bbox 232 349 411 454; x_wconf 84' lang='grc' dir='ltr'><strong><em>συγγενέσιΙ</em></strong></span> <span class='ocrx_word' id='word_1_7' title='bbox 424 375 581 449; x_wconf 74' lang='grc' dir='ltr'><strong><em>Λατίνοις</em></strong></span> <span class='ocrx_word' id='word_1_8' title='bbox 602 375 680 450; x_wconf 85' lang='grc' dir='ltr'><strong><em>τοὺς</em></strong></span> <span class='ocrx_word' id='word_1_9' title='bbox 702 371 896 450; x_wconf 75' lang='grc' dir='ltr'><strong><em>ἀλλοεθνεῖς</em></strong></span> <span class='ocrx_word' id='word_1_10' title='bbox 909 370 1065 456; x_wconf 81' lang='grc' dir='ltr'><strong><em>Ἕρνικας</em></strong></span> 
     </span>
     <span class='ocr_line' id='line_1_3' title="bbox 78 474 1065 564; baseline 0.003 -23"><span class='ocrx_word' id='word_1_11' title='bbox 78 476 243 563; x_wconf 76' lang='grc' dir='ltr'><em>τυγχάνειν,</em></span> <span class='ocrx_word' id='word_1_12' title='bbox 262 474 340 543; x_wconf 67' lang='grc' dir='ltr'><strong><em>οὐδὲ</em></strong></span> <span class='ocrx_word' id='word_1_13' title='bbox 358 490 427 555; x_wconf 91' lang='grc' dir='ltr'><strong><em>τοῖς</em></strong></span> <span class='ocrx_word' id='word_1_14' title='bbox 444 480 551 545; x_wconf 85' lang='grc' dir='ltr'><strong><em>πολλὰ</em></strong></span> <span class='ocrx_word' id='word_1_15' title='bbox 566 479 699 557; x_wconf 81' lang='grc' dir='ltr'><strong><em>εὐνοίας</em></strong></span> <span class='ocrx_word' id='word_1_16' title='bbox 713 481 792 564; x_wconf 79' lang='grc' dir='ltr'><strong><em>ἔργα</em></strong></span> <span class='ocrx_word' id='word_1_17' title='bbox 806 477 1065 564; x_wconf 75' lang='grc' dir='ltr'><strong><em>ἐπιδειξαμένοις</em></strong></span> 
     </span>
     <span class='ocr_line' id='line_1_4' title="bbox 76 581 1063 671; baseline 0.003 -24"><span class='ocrx_word' id='word_1_18' title='bbox 76 585 140 660; x_wconf 86' lang='grc' dir='ltr'><strong><em>τοὺς</em></strong></span> <span class='ocrx_word' id='word_1_19' title='bbox 163 581 236 668; x_wconf 87' lang='grc' dir='ltr'><strong><em>μηδ’</em></strong></span> <span class='ocrx_word' id='word_1_20' title='bbox 263 584 377 650; x_wconf 79' lang='grc' dir='ltr'><strong><em>ὁτιοῦν</em></strong></span> <span class='ocrx_word' id='word_1_21' title='bbox 405 583 535 669; x_wconf 81' lang='grc' dir='ltr'><strong><em>ἀγαθὸν</em></strong></span> <span class='ocrx_word' id='word_1_22' title='bbox 563 587 764 671; x_wconf 75' lang='grc' dir='ltr'><strong><em>δεδρακότας</em></strong></span> <span class='ocrx_word' id='word_1_23' title='bbox 786 596 853 651; x_wconf 79' lang='grc' dir='ltr'><strong><em>τῶν</em></strong></span> <span class='ocrx_word' id='word_1_24' title='bbox 876 586 986 652; x_wconf 77' lang='grc' dir='ltr'><strong><em>αὐτῶν</em></strong></span> <span class='ocrx_word' id='word_1_25' title='bbox 1009 610 1063 671; x_wconf 86' lang='grc' dir='ltr'><strong><em>φι-</em></strong></span> 
     </span>
     <span class='ocr_line' id='line_1_5' title="bbox 78 689 1064 780; baseline 0.005 -27"><span class='ocrx_word' id='word_1_26' title='bbox 78 691 265 775; x_wconf 82' lang='grc' dir='ltr'><strong><em>λανθρώπων</em></strong></span> <span class='ocrx_word' id='word_1_27' title='bbox 283 689 441 777; x_wconf 82' lang='grc' dir='ltr'><strong><em>μετέχειν,</em></strong></span> <span class='ocrx_word' id='word_1_28' title='bbox 459 701 498 777; x_wconf 74' lang='grc' dir='ltr'><strong><em>τη</em></strong></span> <span class='ocrx_word' id='word_1_29' title='bbox 517 715 551 757; x_wconf 88' lang='grc' dir='ltr'><strong><em>τε</em></strong></span> <span class='ocrx_word' id='word_1_30' title='bbox 568 692 735 780; x_wconf 77' lang='grc' dir='ltr'><strong><em>ὑπεροψία</em></strong></span> <span class='ocrx_word' id='word_1_31' title='bbox 748 701 808 758; x_wconf 81' lang='grc' dir='ltr'><strong><em>τοῦ</em></strong></span> <span class='ocrx_word' id='word_1_32' title='bbox 822 690 945 774; x_wconf 86' lang='grc' dir='ltr'><strong><em>ἀνδρὸς</em></strong></span> <span class='ocrx_word' id='word_1_33' title='bbox 961 690 1064 778; x_wconf 87' lang='grc' dir='ltr'><strong><em>ἀχθό-</em></strong></span> 
     </span>
     <span class='ocr_line' id='line_1_6' title="bbox 79 795 1105 884; baseline 0.005 -25"><span class='ocrx_word' id='word_1_34' title='bbox 79 818 167 879; x_wconf 87' lang='grc' dir='ltr'><strong><em>μενοι,</em></strong></span> <span class='ocrx_word' id='word_1_35' title='bbox 196 795 231 872; x_wconf 85' lang='grc' dir='ltr'><strong><em>ὃς</em></strong></span> <span class='ocrx_word' id='word_1_36' title='bbox 257 797 323 862; x_wconf 88' lang='grc' dir='ltr'><strong><em>ὑπὸ</em></strong></span> <span class='ocrx_word' id='word_1_37' title='bbox 351 804 408 880; x_wconf 81' lang='grc' dir='ltr'><strong><em>τῆς</em></strong></span> <span class='ocrx_word' id='word_1_38' title='bbox 434 801 558 882; x_wconf 83' lang='grc' dir='ltr'><strong><em>βουλῆς</em></strong></span> <span class='ocrx_word' id='word_1_39' title='bbox 584 795 736 883; x_wconf 83' lang='grc' dir='ltr'><strong><em>τιμηθεὶς</em></strong></span> <span class='ocrx_word' id='word_1_40' title='bbox 761 797 823 864; x_wconf 87' lang='grc' dir='ltr'><strong><em>οὐκ</em></strong></span> <span class='ocrx_word' id='word_1_41' title='bbox 849 796 1063 884; x_wconf 72' lang='grc' dir='ltr'><strong><em>ἀντετίμησεν</em></strong></span> <span class='ocrx_word' id='word_1_42' title='bbox 1091 816 1105 857; x_wconf 79' lang='lat'>⁵</span> 
     </span>
     <span class='ocr_line' id='line_1_7' title="bbox 39 900 1064 988; baseline 0 -17"><span class='ocrx_word' id='word_1_43' title='bbox 39 901 161 985; x_wconf 64' lang='grc' dir='ltr'><strong><em>λειοτάτην</em></strong></span> <span class='ocrx_word' id='word_1_44' title='bbox 185 913 254 980; x_wconf 84' lang='grc' dir='ltr'><strong><em>τοῖς</em></strong></span> <span class='ocrx_word' id='word_1_45' title='bbox 278 910 379 987; x_wconf 81' lang='grc' dir='ltr'><strong><em>ίσοις,</em></strong></span> <span class='ocrx_word' id='word_1_46' title='bbox 402 900 481 970; x_wconf 71' lang='grc' dir='ltr'><strong><em>οὐδὲ</em></strong></span> <span class='ocrx_word' id='word_1_47' title='bbox 503 905 583 988; x_wconf 83' lang='grc' dir='ltr'><strong><em>μετὰ</em></strong></span> <span class='ocrx_word' id='word_1_48' title='bbox 606 913 719 988; x_wconf 80' lang='grc' dir='ltr'><strong><em>κοινῆς</em></strong></span> <span class='ocrx_word' id='word_1_49' title='bbox 741 906 872 988; x_wconf 79' lang='grc' dir='ltr'><strong><em>γνώμης</em></strong></span> <span class='ocrx_word' id='word_1_50' title='bbox 895 915 962 971; x_wconf 80' lang='grc' dir='ltr'><strong><em>τῶν</em></strong></span> <span class='ocrx_word' id='word_1_51' title='bbox 984 921 1064 972; x_wconf 91' lang='grc' dir='ltr'><strong><em>συν-</em></strong></span> 
     </span>
     <span class='ocr_line' id='line_1_8' title="bbox 83 1007 1191 1099; baseline 0.001 -27"><span class='ocrx_word' id='word_1_52' title='bbox 83 1007 174 1092; x_wconf 79' lang='grc' dir='ltr'><strong><em>έδρου,</em></strong></span> <span class='ocrx_word' id='word_1_53' title='bbox 196 1007 267 1074; x_wconf 86' lang='grc' dir='ltr'><strong><em>’ἀλλ’</em></strong></span> <span class='ocrx_word' id='word_1_54' title='bbox 290 1009 335 1088; x_wconf 80' lang='grc' dir='ltr'><strong><em>ὡς</em></strong></span> <span class='ocrx_word' id='word_1_55' title='bbox 353 1009 441 1099; x_wconf 75' lang='grc' dir='ltr'><strong><em>αὐτῷ</em></strong></span> <span class='ocrx_word' id='word_1_56' title='bbox 465 1009 573 1077; x_wconf 89' lang='grc' dir='ltr'><strong><em>ἐδόκει</em></strong></span> <span class='ocrx_word' id='word_1_57' title='bbox 591 1011 720 1097; x_wconf 79' lang='grc' dir='ltr'><strong><em>γράψας</em></strong></span> <span class='ocrx_word' id='word_1_58' title='bbox 738 1011 888 1094; x_wconf 68' lang='grc' dir='ltr'><strong><em>ἐξήνεγκε</em></strong></span> <span class='ocrx_word' id='word_1_59' title='bbox 911 1011 968 1089; x_wconf 84' lang='grc' dir='ltr'><strong><em>τάς</em></strong></span> <span class='ocrx_word' id='word_1_60' title='bbox 986 1012 1064 1096; x_wconf 88' lang='grc' dir='ltr'><strong><em>ὁμο-</em></strong></span> <span class='ocrx_word' id='word_1_61' title='bbox 1189 1067 1191 1073; x_wconf 36' lang='lat'><em>2</em></span> 
     </span>
     <span class='ocr_line' id='line_1_9' title="bbox 81 1110 1100 1204; baseline 0.005 -25"><span class='ocrx_word' id='word_1_62' title='bbox 81 1117 175 1196; x_wconf 80' lang='grc' dir='ltr'><strong><em>λογίας.</em></strong></span> <span class='ocrx_word' id='word_1_63' title='bbox 218 1110 262 1200; x_wconf 74' lang='lat'><strong><em>3¹¹</em></strong></span> <span class='ocrx_word' id='word_1_64' title='bbox 289 1113 317 1181; x_wconf 89' lang='grc' dir='ltr'><strong><em>τ’</em></strong></span> <span class='ocrx_word' id='word_1_65' title='bbox 345 1118 409 1203; x_wconf 78' lang='grc' dir='ltr'><strong><em>ἀρα</em></strong></span> <span class='ocrx_word' id='word_1_66' title='bbox 436 1119 473 1183; x_wconf 88' lang='grc' dir='ltr'><strong><em>τὸ</em></strong></span> <span class='ocrx_word' id='word_1_67' title='bbox 501 1117 538 1184; x_wconf 85' lang='grc' dir='ltr'><strong><em>έν</em></strong></span> <span class='ocrx_word' id='word_1_68' title='bbox 565 1123 702 1195; x_wconf 88' lang='grc' dir='ltr'><strong><em>πολλοῖς</em></strong></span> <span class='ocrx_word' id='word_1_69' title='bbox 723 1118 874 1204; x_wconf 81' lang='grc' dir='ltr'><strong><em>εὐτυχεῖν</em></strong></span> <span class='ocrx_word' id='word_1_70' title='bbox 897 1117 1100 1204; x_wconf 76' lang='grc' dir='ltr'><strong><em>σφαλερὸνδ</em></strong></span> 
     </span>
     <span class='ocr_line' id='line_1_10' title="bbox 80 1213 1067 1318; baseline 0.011 -12"><span class='ocrx_word' id='word_1_71' title='bbox 80 1219 220 1310; x_wconf 63' lang='grc' dir='ltr'><strong><em>ἀνθρώπῳ</em></strong></span> <span class='ocrx_word' id='word_1_72' title='bbox 249 1231 358 1307; x_wconf 72' lang='grc' dir='ltr'><strong><em>μνῆμα</em></strong></span> <span class='ocrx_word' id='word_1_73' title='bbox 390 1221 445 1290; x_wconf 69' lang='grc' dir='ltr'><strong><em>καὶ</em></strong></span> <span class='ocrx_word' id='word_1_74' title='bbox 474 1213 685 1310; x_wconf 65' lang='grc' dir='ltr'><strong><em>ἀνύουσιν·</em></strong></span> <span class='ocrx_word' id='word_1_75' title='bbox 717 1219 903 1310; x_wconf 71' lang='grc' dir='ltr'><strong><em>εὒιλνατόι</em></strong></span> <span class='ocrx_word' id='word_1_76' title='bbox 934 1247 968 1290; x_wconf 79' lang='grc' dir='ltr'><strong><em>τε</em></strong></span> <span class='ocrx_word' id='word_1_77' title='bbox 1000 1225 1067 1318; x_wconf 66' lang='grc' dir='ltr'><strong><em>κᾶν.</em></strong></span> 
     </span>
     <span class='ocr_line' id='line_1_11' title="bbox 79 1323 1105 1415; baseline -0.001 -24"><span class='ocrx_word' id='word_1_78' title='bbox 79 1323 196 1410; x_wconf 78' lang='grc' dir='ltr'><strong><em>ἀνοήτου</em></strong></span> <span class='ocrx_word' id='word_1_79' title='bbox 223 1333 361 1405; x_wconf 83' lang='grc' dir='ltr'><strong><em>πολλοῖς</em></strong></span> <span class='ocrx_word' id='word_1_80' title='bbox 388 1335 495 1396; x_wconf 85' lang='grc' dir='ltr'><strong><em>αίτιον</em></strong></span> <span class='ocrx_word' id='word_1_81' title='bbox 522 1333 704 1415; x_wconf 82' lang='grc' dir='ltr'><strong><em>γενόμενον</em></strong></span> <span class='ocrx_word' id='word_1_82' title='bbox 734 1329 895 1396; x_wconf 76' lang='grc' dir='ltr'><strong><em>λανθάνει</em></strong></span> <span class='ocrx_word' id='word_1_83' title='bbox 917 1327 972 1395; x_wconf 85' lang='grc' dir='ltr'><strong><em>καὶ</em></strong></span> <span class='ocrx_word' id='word_1_84' title='bbox 995 1329 1064 1394; x_wconf 84' lang='grc' dir='ltr'><strong><em>έπι-</em></strong></span> <span class='ocrx_word' id='word_1_85' title='bbox 1078 1347 1105 1389; x_wconf 87' lang='grc' dir='ltr'><strong><em>ιο</em></strong></span> 
     </span>
     <span class='ocr_line' id='line_1_12' title="bbox 78 1433 1174 1531; baseline -0.001 -34"><span class='ocrx_word' id='word_1_86' title='bbox 78 1435 186 1516; x_wconf 73' lang='grc' dir='ltr'><strong><em>θυμιῶν</em></strong></span> <span class='ocrx_word' id='word_1_87' title='bbox 208 1433 357 1531; x_wconf 83' lang='grc' dir='ltr'><strong><em>ἀρχηγὸν</em></strong></span> <span class='ocrx_word' id='word_1_88' title='bbox 380 1435 607 1520; x_wconf 77' lang='grc' dir='ltr'><strong><em>ἐκβαινουσῶν</em></strong></span> <span class='ocrx_word' id='word_1_89' title='bbox 629 1437 691 1520; x_wconf 80' lang='grc' dir='ltr'><strong><em>την</em></strong></span> <span class='ocrx_word' id='word_1_90' title='bbox 710 1434 928 1521; x_wconf 75' lang='grc' dir='ltr'><strong><em>ἀνθρωπίνην</em></strong></span> <span class='ocrx_word' id='word_1_91' title='bbox 946 1437 1174 1520; x_wconf 77' lang='grc' dir='ltr'><strong><em>φύσκι’,</em></strong></span> 
     </span>
     <span class='ocr_line' id='line_1_13' title="bbox 81 1535 1066 1632; baseline 0.006 -32"><span class='ocrx_word' id='word_1_92' title='bbox 81 1535 152 1604; x_wconf 79' lang='grc' dir='ltr'><strong><em>ὃκιλ</em></strong></span> <span class='ocrx_word' id='word_1_93' title='bbox 175 1550 220 1629; x_wconf 79' lang='grc' dir='ltr'><strong><em>τῷ</em></strong></span> <span class='ocrx_word' id='word_1_94' title='bbox 250 1538 350 1627; x_wconf 80' lang='grc' dir='ltr'><strong><em>ἀνδρὶ</em></strong></span> <span class='ocrx_word' id='word_1_95' title='bbox 377 1539 493 1632; x_wconf 77' lang='grc' dir='ltr'><strong><em>ἐκείνῳ</em></strong></span> <span class='ocrx_word' id='word_1_96' title='bbox 521 1541 655 1628; x_wconf 80' lang='grc' dir='ltr'><strong><em>συνέβη.</em></strong></span> <span class='ocrx_word' id='word_1_97' title='bbox 699 1539 787 1628; x_wconf 85' lang='grc' dir='ltr'><strong><em>τρισὶ</em></strong></span> <span class='ocrx_word' id='word_1_98' title='bbox 809 1542 872 1626; x_wconf 82' lang='grc' dir='ltr'><strong><em>γὰρ</em></strong></span> <span class='ocrx_word' id='word_1_99' title='bbox 895 1541 1066 1626; x_wconf 88' lang='grc' dir='ltr'><strong><em>ὑπατείαις</em></strong></span> 
     </span>
     <span class='ocr_line' id='line_1_14' title="bbox 80 1606 1064 1734; baseline 0.005 -25"><span class='ocrx_word' id='word_1_100' title='bbox 80 1643 119 1708; x_wconf 82' lang='grc' dir='ltr'><strong><em>καί</em></strong></span> <span class='ocrx_word' id='word_1_101' title='bbox 140 1606 212 1712; x_wconf 74' lang='grc' dir='ltr'><strong><em>δυσὺ</em></strong></span> <span class='ocrx_word' id='word_1_102' title='bbox 239 1649 421 1732; x_wconf 77' lang='grc' dir='ltr'><strong><em>θριάμβοις</em></strong></span> <span class='ocrx_word' id='word_1_103' title='bbox 450 1652 552 1734; x_wconf 88' lang='grc' dir='ltr'><strong><em>μόνος</em></strong></span> <span class='ocrx_word' id='word_1_104' title='bbox 578 1660 645 1715; x_wconf 79' lang='grc' dir='ltr'><strong><em>τῶν</em></strong></span> <span class='ocrx_word' id='word_1_105' title='bbox 673 1652 747 1715; x_wconf 92' lang='grc' dir='ltr'><strong><em>τότε</em></strong></span> <span class='ocrx_word' id='word_1_106' title='bbox 777 1647 967 1733; x_wconf 81' lang='grc' dir='ltr'><strong><em>ἀνθρώπων</em></strong></span> <span class='ocrx_word' id='word_1_107' title='bbox 998 1647 1064 1714; x_wconf 89' lang='grc' dir='ltr'><strong><em>ὑπὸ</em></strong></span> 
     </span>
     <span class='ocr_line' id='line_1_15' title="bbox 79 1748 1066 1842; baseline 0.002 -24.134"><span class='ocrx_word' id='word_1_108' title='bbox 79 1756 264 1834; x_wconf 78' lang='grc' dir='ltr'><strong><em>τηςπόλεως</em></strong></span> <span class='ocrx_word' id='word_1_109' title='bbox 292 1753 505 1839; x_wconf 82' lang='grc' dir='ltr'><strong><em>τετιμημένος</em></strong></span> <span class='ocrx_word' id='word_1_110' title='bbox 539 1757 738 1842; x_wconf 90' lang='grc' dir='ltr'><strong><em>σεμνότερον</em></strong></span> <span class='ocrx_word' id='word_1_111' title='bbox 771 1752 889 1820; x_wconf 81' lang='grc' dir='ltr'><strong><em>ἑαυτὸν</em></strong></span> <span class='ocrx_word' id='word_1_112' title='bbox 918 1748 978 1838; x_wconf 77' lang='grc' dir='ltr'><strong><em>ἦγε</em></strong></span> <span class='ocrx_word' id='word_1_113' title='bbox 1010 1751 1066 1820; x_wconf 78' lang='grc' dir='ltr'><strong><em>καλ</em></strong></span> 
     </span>
    </p>
   </div>
   <div class='ocr_carea' id='block_1_3' title="bbox 80 1859 1198 1946">
    <p class='ocr_par' dir='ltr' id='par_1_3' title="bbox 80 1859 1198 1946">
     <span class='ocr_line' id='line_1_16' title="bbox 80 1859 1198 1946; baseline -0.022 -7"><span class='ocrx_word' id='word_1_114' title='bbox 80 1870 254 1945; x_wconf 61' lang='grc' dir='ltr'><strong><em>Μαρχικῆς</em></strong></span> <span class='ocrx_word' id='word_1_115' title='bbox 284 1859 398 1939; x_wconf 77' lang='grc' dir='ltr'><strong><em>ἐίξουσ</em></strong></span> <span class='ocrx_word' id='word_1_116' title='bbox 395 1885 434 1938; x_wconf 88' lang='grc' dir='ltr'><strong><em>ας</em></strong></span> <span class='ocrx_word' id='word_1_117' title='bbox 465 1860 626 1946; x_wconf 85' lang='grc' dir='ltr'><strong><em>ἐλάμβανε</em></strong></span> <span class='ocrx_word' id='word_1_118' title='bbox 659 1864 782 1927; x_wconf 86' lang='grc' dir='ltr'><strong><em>πόθον·</em></strong></span> <span class='ocrx_word' id='word_1_119' title='bbox 815 1859 1066 1946; x_wconf 86' lang='grc' dir='ltr'><strong><em>ἐνθυμούμενος</em></strong></span> <span class='ocrx_word' id='word_1_120' title='bbox 1080 1877 1107 1918; x_wconf 80' lang='grc' dir='ltr'><strong><em>ιτ</em></strong></span> <span class='ocrx_word' id='word_1_121' title='bbox 1196 1869 1198 1874; x_wconf 93' lang='grc'><strong><em>·</em></strong></span> 
     </span>
    </p>
   </div>
   <div class='ocr_carea' id='block_1_4' title="bbox 26 1961 1208 3232">
    <p class='ocr_par' dir='ltr' id='par_1_4' title="bbox 26 1961 1208 3232">
     <span class='ocr_line' id='line_1_17' title="bbox 81 1961 1065 2055; baseline 0.003 -25.181"><span class='ocrx_word' id='word_1_122' title='bbox 81 1961 164 2031; x_wconf 81' lang='grc' dir='ltr'><strong><em>δ’ὑτι</em></strong></span> <span class='ocrx_word' id='word_1_123' title='bbox 190 1978 260 2044; x_wconf 85' lang='grc' dir='ltr'><strong><em>τοῖς</em></strong></span> <span class='ocrx_word' id='word_1_124' title='bbox 287 1970 455 2051; x_wconf 84' lang='grc' dir='ltr'><strong><em>βασιλείας</em></strong></span> <span class='ocrx_word' id='word_1_125' title='bbox 481 1967 502 2051; x_wconf 74' lang='grc' dir='ltr'><em>ἢ</em></span> <span class='ocrx_word' id='word_1_126' title='bbox 531 1969 731 2054; x_wconf 87' lang='grc' dir='ltr'><strong><em>τυραννίδος</em></strong></span> <span class='ocrx_word' id='word_1_127' title='bbox 753 1965 940 2053; x_wconf 76' lang='grc' dir='ltr'><strong><em>ἐφιεμένοις</em></strong></span> <span class='ocrx_word' id='word_1_128' title='bbox 961 1965 1065 2055; x_wconf 77' lang='grc' dir='ltr'><strong><em>ῥᾴστη</em></strong></span> 
     </span>
     <span class='ocr_line' id='line_1_18' title="bbox 80 2071 1067 2159; baseline 0.007 -27"><span class='ocrx_word' id='word_1_129' title='bbox 80 2071 171 2138; x_wconf 83' lang='grc' dir='ltr'><strong><em>τεκαὶ</em></strong></span> <span class='ocrx_word' id='word_1_130' title='bbox 196 2072 426 2159; x_wconf 79' lang='grc' dir='ltr'><strong><em>ἀσφαλεστάτη</em></strong></span> <span class='ocrx_word' id='word_1_131' title='bbox 459 2085 575 2140; x_wconf 81' lang='grc' dir='ltr'><strong><em>πασῶν</em></strong></span> <span class='ocrx_word' id='word_1_132' title='bbox 603 2073 693 2139; x_wconf 85' lang='grc' dir='ltr'><strong><em>ἐστιν</em></strong></span> <span class='ocrx_word' id='word_1_133' title='bbox 721 2074 799 2151; x_wconf 87' lang='grc' dir='ltr'><strong><em>ὁδὸς</em></strong></span> <span class='ocrx_word' id='word_1_134' title='bbox 824 2072 845 2156; x_wconf 79' lang='grc' dir='ltr'><strong><em>ὑ</em></strong></span> <span class='ocrx_word' id='word_1_135' title='bbox 872 2075 909 2139; x_wconf 88' lang='grc' dir='ltr'><strong><em>τὸ</em></strong></span> <span class='ocrx_word' id='word_1_136' title='bbox 937 2079 1067 2158; x_wconf 83' lang='grc' dir='ltr'><strong><em>πλῆθος</em></strong></span> 
     </span>
     <span class='ocr_line' id='line_1_19' title="bbox 80 2175 1066 2264; baseline 0.008 -27"><span class='ocrx_word' id='word_1_137' title='bbox 80 2175 256 2260; x_wconf 84' lang='grc' dir='ltr'><strong><em>εὐεργεσίαις</em></strong></span> <span class='ocrx_word' id='word_1_138' title='bbox 285 2177 373 2246; x_wconf 77' lang='grc' dir='ltr'><strong><em>τισίν</em></strong></span> <span class='ocrx_word' id='word_1_139' title='bbox 399 2177 590 2264; x_wconf 79' lang='grc' dir='ltr'><strong><em>ὑπαγομένη</em></strong></span> <span class='ocrx_word' id='word_1_140' title='bbox 618 2176 674 2244; x_wconf 77' lang='grc' dir='ltr'><strong><em>καί</em></strong></span> <span class='ocrx_word' id='word_1_141' title='bbox 701 2178 738 2244; x_wconf 89' lang='grc' dir='ltr'><strong><em>ἐκ</em></strong></span> <span class='ocrx_word' id='word_1_142' title='bbox 764 2189 830 2244; x_wconf 80' lang='grc' dir='ltr'><strong><em>τῶν</em></strong></span> <span class='ocrx_word' id='word_1_143' title='bbox 837 2187 978 2264; x_wconf 76' lang='grc' dir='ltr'><strong><em>χειρῶν</em></strong></span> <span class='ocrx_word' id='word_1_144' title='bbox 1005 2189 1066 2245; x_wconf 86' lang='grc' dir='ltr'><strong><em>τοῦ</em></strong></span> 
     </span>
     <span class='ocr_line' id='line_1_20' title="bbox 80 2281 1187 2370; baseline 0.009 -26"><span class='ocrx_word' id='word_1_145' title='bbox 80 2281 206 2364; x_wconf 83' lang='grc' dir='ltr'><strong><em>διδόντος</em></strong></span> <span class='ocrx_word' id='word_1_146' title='bbox 223 2287 265 2352; x_wconf 83' lang='grc' dir='ltr'><strong><em>τὰ</em></strong></span> <span class='ocrx_word' id='word_1_147' title='bbox 278 2287 375 2352; x_wconf 82' lang='grc' dir='ltr'><strong><em>κοινὰ</em></strong></span> <span class='ocrx_word' id='word_1_148' title='bbox 393 2293 558 2353; x_wconf 87' lang='grc' dir='ltr'><strong><em>σιτεῖσθαι</em></strong></span> <span class='ocrx_word' id='word_1_149' title='bbox 571 2286 739 2370; x_wconf 79' lang='grc' dir='ltr'><strong><em>ἐθίζουσα,</em></strong></span> <span class='ocrx_word' id='word_1_150' title='bbox 757 2286 880 2369; x_wconf 81' lang='grc' dir='ltr'><strong><em>ταύτην</em></strong></span> <span class='ocrx_word' id='word_1_151' title='bbox 893 2284 1064 2370; x_wconf 82' lang='grc' dir='ltr'><strong><em>ἐτράπετο·</em></strong></span> <span class='ocrx_word' id='word_1_152' title='bbox 1184 2346 1187 2354; x_wconf 91' lang='grc'><strong><em>,</em></strong></span> 
     </span>
     <span class='ocr_line' id='line_1_21' title="bbox 43 2386 1107 2477; baseline 0.005 -27.086"><span class='ocrx_word' id='word_1_153' title='bbox 43 2386 127 2465; x_wconf 69' lang='grc' dir='ltr'><strong><em>λευκαὶ,</em></strong></span> <span class='ocrx_word' id='word_1_154' title='bbox 141 2391 253 2458; x_wconf 78' lang='grc' dir='ltr'><strong><em>αὐτίκα</em></strong></span> <span class='ocrx_word' id='word_1_155' title='bbox 282 2391 413 2458; x_wconf 73' lang='grc' dir='ltr'><strong><em>οὑθενδ</em></strong></span> <span class='ocrx_word' id='word_1_156' title='bbox 431 2394 612 2476; x_wconf 81' lang='grc' dir='ltr'><strong><em>προειπών·</em></strong></span> <span class='ocrx_word' id='word_1_157' title='bbox 644 2387 687 2476; x_wconf 74' lang='grc' dir='ltr'><strong><em>ἦν</em></strong></span> <span class='ocrx_word' id='word_1_158' title='bbox 717 2392 781 2477; x_wconf 88' lang='grc' dir='ltr'><strong><em>γάρ</em></strong></span> <span class='ocrx_word' id='word_1_159' title='bbox 810 2413 859 2468; x_wconf 90' lang='grc' dir='ltr'><strong><em>τις</em></strong></span> <span class='ocrx_word' id='word_1_160' title='bbox 890 2391 980 2477; x_wconf 84' lang='grc' dir='ltr'><strong><em>χώρα</em></strong></span> <span class='ocrx_word' id='word_1_161' title='bbox 1008 2391 1065 2476; x_wconf 90' lang='grc' dir='ltr'><strong><em>δη-</em></strong></span> <span class='ocrx_word' id='word_1_162' title='bbox 1080 2410 1107 2449; x_wconf 82' lang='lat'><strong><em>2⁰</em></strong></span> 
     </span>
     <span class='ocr_line' id='line_1_22' title="bbox 80 2496 1067 2585; baseline 0.006 -27"><span class='ocrx_word' id='word_1_163' title='bbox 80 2499 156 2574; x_wconf 85' lang='grc' dir='ltr'><strong><em>γοσία</em></strong></span> <span class='ocrx_word' id='word_1_164' title='bbox 176 2500 283 2583; x_wconf 78' lang='grc' dir='ltr'><strong><em>πολλὴ</em></strong></span> <span class='ocrx_word' id='word_1_165' title='bbox 311 2497 566 2585; x_wconf 87' lang='grc' dir='ltr'><strong><em>παρημελημένη</em></strong></span> <span class='ocrx_word' id='word_1_166' title='bbox 593 2521 628 2564; x_wconf 91' lang='grc' dir='ltr'><strong><em>τε</em></strong></span> <span class='ocrx_word' id='word_1_167' title='bbox 655 2496 710 2564; x_wconf 82' lang='grc' dir='ltr'><strong><em>καὶ</em></strong></span> <span class='ocrx_word' id='word_1_168' title='bbox 737 2498 802 2564; x_wconf 87' lang='grc' dir='ltr'><strong><em>ὑπὸ</em></strong></span> <span class='ocrx_word' id='word_1_169' title='bbox 829 2508 896 2563; x_wconf 80' lang='grc' dir='ltr'><strong><em>τῶν</em></strong></span> <span class='ocrx_word' id='word_1_170' title='bbox 919 2497 1067 2583; x_wconf 82' lang='grc' dir='ltr'><strong><em>εὐπορω-</em></strong></span> 
     </span>
     <span class='ocr_line' id='line_1_23' title="bbox 79 2601 1066 2692; baseline 0.008 -29"><span class='ocrx_word' id='word_1_171' title='bbox 79 2601 163 2668; x_wconf 85' lang='grc' dir='ltr'><strong><em>τάτον</em></strong></span> <span class='ocrx_word' id='word_1_172' title='bbox 177 2605 406 2691; x_wconf 82' lang='grc' dir='ltr'><strong><em>κατεχομένη,</em></strong></span> <span class='ocrx_word' id='word_1_173' title='bbox 433 2607 556 2691; x_wconf 80' lang='grc' dir='ltr'><strong><em>ταύτην</em></strong></span> <span class='ocrx_word' id='word_1_174' title='bbox 586 2608 671 2689; x_wconf 80' lang='grc' dir='ltr'><strong><em>ἔγνω</em></strong></span> <span class='ocrx_word' id='word_1_175' title='bbox 701 2606 864 2692; x_wconf 73' lang='grc' dir='ltr'><strong><em>τῷδήμῳ</em></strong></span> <span class='ocrx_word' id='word_1_176' title='bbox 887 2601 1066 2689; x_wconf 89' lang='grc' dir='ltr'><strong><em>διανέμειν.</em></strong></span> 
     </span>
     <span class='ocr_line' id='line_1_24' title="bbox 79 2708 1102 2801; baseline 0.008 -32"><span class='ocrx_word' id='word_1_177' title='bbox 79 2709 118 2771; x_wconf 80' lang='grc' dir='ltr'><strong><em>κτλ</em></strong></span> <span class='ocrx_word' id='word_1_178' title='bbox 137 2713 165 2775; x_wconf 87' lang='grc' dir='ltr'><strong><em>εί</em></strong></span> <span class='ocrx_word' id='word_1_179' title='bbox 185 2709 247 2796; x_wconf 75' lang='grc' dir='ltr'><strong><em>μὲν</em></strong></span> <span class='ocrx_word' id='word_1_180' title='bbox 270 2714 346 2800; x_wconf 83' lang='grc' dir='ltr'><strong><em>ἀχρι</em></strong></span> <span class='ocrx_word' id='word_1_181' title='bbox 368 2709 463 2779; x_wconf 86' lang='grc' dir='ltr'><strong><em>τοῦδ’</em></strong></span> <span class='ocrx_word' id='word_1_182' title='bbox 490 2710 601 2778; x_wconf 84' lang='grc' dir='ltr'><strong><em>ἐλθὼν</em></strong></span> <span class='ocrx_word' id='word_1_183' title='bbox 622 2709 787 2798; x_wconf 77' lang='grc' dir='ltr'><strong><em>ἠρκέσθη,</em></strong></span> <span class='ocrx_word' id='word_1_184' title='bbox 814 2708 883 2797; x_wconf 89' lang='grc' dir='ltr'><strong><em>τάχ’</em></strong></span> <span class='ocrx_word' id='word_1_185' title='bbox 911 2709 953 2776; x_wconf 80' lang='grc' dir='ltr'><strong><em>ἂν</em></strong></span> <span class='ocrx_word' id='word_1_186' title='bbox 976 2712 1102 2801; x_wconf 76' lang='grc' dir='ltr'><strong><em>αὑτῷ4</em></strong></span> 
     </span>
     <span class='ocr_line' id='line_1_25' title="bbox 80 2803 1067 2904; baseline 0.007 -26"><span class='ocrx_word' id='word_1_187' title='bbox 80 2815 141 2878; x_wconf 79' lang='grc' dir='ltr'><strong><em>κατὰ</em></strong></span> <span class='ocrx_word' id='word_1_188' title='bbox 161 2829 244 2885; x_wconf 85' lang='grc' dir='ltr'><strong><em>νοῦν</em></strong></span> <span class='ocrx_word' id='word_1_189' title='bbox 267 2821 304 2885; x_wconf 92' lang='grc' dir='ltr'><strong><em>τὸ</em></strong></span> <span class='ocrx_word' id='word_1_190' title='bbox 328 2820 428 2903; x_wconf 89' lang='grc' dir='ltr'><strong><em>ἐργον</em></strong></span> <span class='ocrx_word' id='word_1_191' title='bbox 450 2818 608 2904; x_wconf 80' lang='grc' dir='ltr'><strong><em>ἐχώρησε·</em></strong></span> <span class='ocrx_word' id='word_1_192' title='bbox 626 2828 695 2884; x_wconf 86' lang='grc' dir='ltr'><strong><em>,νῦν</em></strong></span> <span class='ocrx_word' id='word_1_193' title='bbox 715 2803 751 2882; x_wconf 73' lang='grc' dir='ltr'><strong><em>δὲ</em></strong></span> <span class='ocrx_word' id='word_1_194' title='bbox 769 2821 934 2885; x_wconf 83' lang='grc' dir='ltr'><strong><em>πλειόνων</em></strong></span> <span class='ocrx_word' id='word_1_195' title='bbox 952 2818 1067 2904; x_wconf 81' lang='grc' dir='ltr'><strong><em>ὀρεγό-</em></strong></span> 
     </span>
     <span class='ocr_line' id='line_1_26' title="bbox 26 2913 1107 3011; baseline 0.002 -23"><span class='ocrx_word' id='word_1_196' title='bbox 26 2977 27 3010; x_wconf 61' lang='lat'><strong>3</strong></span> <span class='ocrx_word' id='word_1_197' title='bbox 80 2940 157 3000; x_wconf 81' lang='grc' dir='ltr'><strong><em>μενος</em></strong></span> <span class='ocrx_word' id='word_1_198' title='bbox 177 2925 293 2990; x_wconf 89' lang='grc' dir='ltr'><strong><em>στάσιν</em></strong></span> <span class='ocrx_word' id='word_1_199' title='bbox 317 2924 358 2990; x_wconf 89' lang='grc' dir='ltr'><strong><em>οὐ</em></strong></span> <span class='ocrx_word' id='word_1_200' title='bbox 380 2925 501 3010; x_wconf 83' lang='grc' dir='ltr'><strong><em>μικρὰν</em></strong></span> <span class='ocrx_word' id='word_1_201' title='bbox 523 2926 666 3011; x_wconf 78' lang='grc' dir='ltr'><strong><em>ἤγειρεν,</em></strong></span> <span class='ocrx_word' id='word_1_202' title='bbox 689 2922 722 3002; x_wconf 77' lang='grc' dir='ltr'><strong><em>ἐξ</em></strong></span> <span class='ocrx_word' id='word_1_203' title='bbox 741 2913 785 3008; x_wconf 76' lang='grc' dir='ltr'><strong><em>ἧς</em></strong></span> <span class='ocrx_word' id='word_1_204' title='bbox 797 2923 860 2990; x_wconf 88' lang='grc' dir='ltr'><strong><em>οὐκ</em></strong></span> <span class='ocrx_word' id='word_1_205' title='bbox 877 2921 1011 3011; x_wconf 69' lang='grc' dir='ltr'><strong><em>εὐτυχὲς</em></strong></span> <span class='ocrx_word' id='word_1_206' title='bbox 1028 2927 1066 2990; x_wconf 92' lang='grc' dir='ltr'><strong><em>τὸ</em></strong></span> <span class='ocrx_word' id='word_1_207' title='bbox 1081 2941 1107 2982; x_wconf 77' lang='lat'><strong><em>2⁵</em></strong></span> 
     </span>
     <span class='ocr_line' id='line_1_27' title="bbox 26 3017 1208 3120; baseline 0.01 -36"><span class='ocrx_word' id='word_1_208' title='bbox 26 3017 27 3086; x_wconf 76' lang='grc' dir='ltr'>Ϊ</span> <span class='ocrx_word' id='word_1_209' title='bbox 80 3023 152 3104; x_wconf 79' lang='grc' dir='ltr'><strong><em>τέλος</em></strong></span> <span class='ocrx_word' id='word_1_210' title='bbox 172 3026 260 3120; x_wconf 75' lang='grc' dir='ltr'><strong><em>αὑτῷ</em></strong></span> <span class='ocrx_word' id='word_1_211' title='bbox 285 3027 417 3115; x_wconf 78' lang='grc' dir='ltr'><strong><em>συνέβη.</em></strong></span> <span class='ocrx_word' id='word_1_212' title='bbox 453 3034 629 3107; x_wconf 84' lang='grc' dir='ltr'><strong><em>Λατίνους</em></strong></span> <span class='ocrx_word' id='word_1_213' title='bbox 646 3052 681 3095; x_wconf 91' lang='grc' dir='ltr'><strong><em>τε</em></strong></span> <span class='ocrx_word' id='word_1_214' title='bbox 705 3029 768 3115; x_wconf 83' lang='grc' dir='ltr'><strong><em>γάρ</em></strong></span> <span class='ocrx_word' id='word_1_215' title='bbox 792 3027 887 3114; x_wconf 80' lang='grc' dir='ltr'><strong><em>ἠξίου</em></strong></span> <span class='ocrx_word' id='word_1_216' title='bbox 909 3038 948 3115; x_wconf 76' lang='grc' dir='ltr'><strong><em>τῇ</em></strong></span> <span class='ocrx_word' id='word_1_217' title='bbox 971 3053 1068 3096; x_wconf 81' lang='grc' dir='ltr'><strong><em>κατα·</em></strong></span> <span class='ocrx_word' id='word_1_218' title='bbox 1202 3018 1208 3032; x_wconf 72' lang='grc'>’</span> 
     </span>
     <span class='ocr_line' id='line_1_28' title="bbox 26 3133 1066 3232; baseline 0.004 -36"><span class='ocrx_word' id='word_1_219' title='bbox 26 3215 35 3232; x_wconf 17' lang='grc' dir='ltr'><strong><em>ρ</em></strong></span> <span class='ocrx_word' id='word_1_220' title='bbox 81 3143 169 3220; x_wconf 74' lang='grc' dir='ltr'><strong><em>γραφη</em></strong></span> <span class='ocrx_word' id='word_1_221' title='bbox 195 3146 252 3221; x_wconf 80' lang='grc' dir='ltr'><strong><em>τῆς</em></strong></span> <span class='ocrx_word' id='word_1_222' title='bbox 278 3139 387 3223; x_wconf 81' lang='grc' dir='ltr'><strong><em>χώρας</em></strong></span> <span class='ocrx_word' id='word_1_223' title='bbox 414 3135 738 3222; x_wconf 87' lang='grc' dir='ltr'><strong><em>συμπεριλαμβάνειν</em></strong></span> <span class='ocrx_word' id='word_1_224' title='bbox 765 3133 820 3202; x_wconf 80' lang='grc' dir='ltr'><strong><em>καὶ</em></strong></span> <span class='ocrx_word' id='word_1_225' title='bbox 847 3139 925 3213; x_wconf 85' lang='grc' dir='ltr'><strong><em>τοὺς</em></strong></span> <span class='ocrx_word' id='word_1_226' title='bbox 947 3134 1066 3201; x_wconf 83' lang='grc' dir='ltr'><strong><em>νεωστὶ</em></strong></span> 
     </span>
    </p>
   </div>
   <div class='ocr_carea' id='block_1_5' title="bbox 85 3396 1067 3542">
    <p class='ocr_par' dir='ltr' id='par_1_5' title="bbox 105 3396 1067 3542">
     <span class='ocr_line' id='line_1_29' title="bbox 136 3396 1067 3525; baseline -0.002 -69.898"><span class='ocrx_word' id='word_1_227' title='bbox 136 3401 212 3468; x_wconf 60' lang='lat' dir='ltr'><strong><em>stne</em></strong></span> <span class='ocrx_word' id='word_1_228' title='bbox 228 3402 315 3456; x_wconf 87' lang='grc' dir='ltr'><strong><em>τεὺπ</em></strong></span> <span class='ocrx_word' id='word_1_229' title='bbox 317 3402 434 3490; x_wconf 76' lang='grc' dir='ltr'><strong><em>εροιρίας</em></strong></span> <span class='ocrx_word' id='word_1_230' title='bbox 452 3399 475 3453; x_wconf 91' lang='lat' dir='ltr'><strong>O</strong></span> <span class='ocrx_word' id='word_1_231' title='bbox 493 3406 559 3525; x_wconf 62' lang='grc' dir='ltr'><strong><em>τχτ</em></strong></span> <span class='ocrx_word' id='word_1_232' title='bbox 545 3400 736 3474; x_wconf 82' lang='grc' dir='ltr'><strong><em>τεὺπεραψίηι</em></strong></span> <span class='ocrx_word' id='word_1_233' title='bbox 756 3397 801 3454; x_wconf 81' lang='lat' dir='ltr'><strong><em>cb</em></strong></span> <span class='ocrx_word' id='word_1_234' title='bbox 819 3400 849 3452; x_wconf 74' lang='lat' dir='ltr'><strong><em>et</em></strong></span> <span class='ocrx_word' id='word_1_235' title='bbox 867 3396 970 3452; x_wconf 64' lang='lat' dir='ltr'><strong>Reiske</strong></span> <span class='ocrx_word' id='word_1_236' title='bbox 1050 3404 1067 3453; x_wconf 76' lang='grc' dir='ltr'><em>ὃ</em></span> 
     </span>
     <span class='ocr_line' id='line_1_30' title="bbox 85 3457 1018 3542; baseline -0.02 -7.606"><span class='ocrx_word' id='word_1_237' title='bbox 85 3457 197 3534; x_wconf 67' lang='grc' dir='ltr'><strong><em>ὃλδὺεΒ</em></strong></span> <span class='ocrx_word' id='word_1_238' title='bbox 269 3477 300 3526; x_wconf 92' lang='grc'><strong><em>11</em></strong></span> <span class='ocrx_word' id='word_1_239' title='bbox 320 3468 443 3542; x_wconf 81' lang='grc' dir='ltr'><strong><em>ἀρχηο</em></strong></span> <span class='ocrx_word' id='word_1_240' title='bbox 427 3488 486 3526; x_wconf 78' lang='grc' dir='ltr'><strong><em>να</em></strong></span> <span class='ocrx_word' id='word_1_241' title='bbox 527 3470 677 3527; x_wconf 76' lang='lat' dir='ltr'><strong>obetObs</strong></span> <span class='ocrx_word' id='word_1_242' title='bbox 696 3488 723 3540; x_wconf 87' lang='lat' dir='ltr'><strong><em>p.</em></strong></span> <span class='ocrx_word' id='word_1_243' title='bbox 739 3475 790 3524; x_wconf 85' lang='grc'><strong><em>169</em></strong></span> <span class='ocrx_word' id='word_1_244' title='bbox 1013 3507 1018 3516; x_wconf 90' lang='grc'><strong>.</strong></span> 
     </span>
    </p>
   </div>
   <div class='ocr_carea' id='block_1_6' title="bbox 0 0 1258 3882">
    <p class='ocr_par' dir='ltr' id='par_1_6' title="bbox 0 0 1258 3882">
     <span class='ocr_line' id='line_1_31' title="bbox 0 0 1258 3882; baseline 0 0"><span class='ocrx_word' id='word_1_245' title='bbox 0 0 1258 3882; x_wconf 95' lang='lat' dir='ltr'><strong><em> </em></strong></span> 
     </span>
    </p>
   </div>
  </div>
 </body>
</html>
