2538 3884
488 195 662 248 -Θ-.

56 355 157 441 νούς,
186 349 238 441 ἐφ’
266 345 316 432 οἷς
338 353 380 420 ἀν
403 354 508 432 αὐτὸς,
523 363 730 441 προαιρῆται.
775 355 856 440 μετά
879 365 977 422 τοῦτο
1001 355 1115 422 συν-5

56 469 168 545 θῆκαι
197 464 347 546 γίνονται
377 471 447 538 ταῖς
476 465 592 528 πόλεσι
621 462 875 546 μεσιτεύσαντος
898 461 999 538 αύτάς
1020 470 1081 527 τοῦ

57 568 194 634 ὑπάτου
226 568 365 633 τοιαίδε·
402 569 570 645 Αἰκανοὺς
599 563 686 634 εἶναι
712 566 882 653 Ῥωμαίων
912 567 1082 652 ὑπηκόους

57 678 178 752 πόλεις
200 697 234 740 τε
257 671 312 739 καὶ
334 674 442 759 χώρας
464 675 522 752 τάς
545 671 673 740 ἑαυτῶν
696 677 841 761 ἔχοντας,
864 672 1080 741 ἀποστέλλειν

62 776 104 846 δὲ
122 777 296 864 Ῥωμαίοις
318 774 423 863 μηδὲν
444 779 495 844 ὅτι
514 779 558 863 μὴ
578 779 747 864 στρατιάν,
770 780 850 845 όταν
868 780 981 859 αὐτοῖς
998 803 1082 868 παρ·
1108 801 1121 843 5

4 891 202 971 ῑ,911αγγελη,
224 881 331 950 τέλεσι
353 895 422 960 τοῖς
445 885 545 962 ίδίοις
562 882 785 968 ἐκπέμποντας
805 886 942 968 [αύτάς].
978 896 1081 953 ταῦτα

61 989 274 1076 συνθέμενος
303 988 407 1074 ἀπῆγε
437 991 499 1074 τὴν
530 991 675 1075 δύναμιν
707 990 834 1075 Φάβιος
862 989 917 1057 καὶ
946 994 994 1070 είς
1022 994 1081 1059 τὸν

61 1098 201 1188 ἐπρόντα
225 1095 379 1162 ἐνιαυτὸν
402 1094 505 1182 ἀρχάς
528 1098 594 1182 ἀμα
612 1105 657 1185 τῷ
677 1097 855 1187 συνυπάτῳ
874 1096 1080 1183 κατέστησεν.
1160 1105 1171 1146 (-

132 1203 200 1268 LX.
240 1195 348 1268 Ἦσαν
380 1199 411 1267 δ’
444 1199 501 1267 ὑπ’
534 1202 645 1268 αὐτῶν
677 1202 931 1290 ἀποδειχθέντες
962 1204 1082 1271 ύπατοι

62 1312 217 1394 Σπόριος
243 1311 433 1392 Ποστόμιος
455 1302 607 1392 Ἀλβῖνος
632 1306 687 1374 καὶ
714 1312 858 1387 Κόιντος
886 1313 1083 1396 Σερουίλιος
1097 1334 1123 1374 ιο

63 1418 217 1501 Πρίσκος
252 1416 290 1479 τὸ
323 1415 489 1499 δεύτερον.
545 1412 599 1480 ἐπὶ
630 1416 757 1481 τούτων
790 1414 908 1494 ἔδοξαν
940 1413 1082 1482 Αίκανοὶ

62 1523 287 1606 παραβαίνειν
305 1520 363 1598 τάς
380 1523 463 1606 πρὸς
476 1517 656 1605 Ῥωμαίους
673 1519 792 1587 νεωστὶ
810 1520 990 1607 γενομένας
1004 1523 1082 1606 ὁμο-

64 1631 182 1712 λογίας
205 1627 268 1692 ἀπὸ
291 1627 445 1712 τοιαύτης
467 1628 585 1704 αἰτίας·
610 1624 788 1694 Ἀντιατῶν
811 1628 884 1694 ὅσοι
907 1625 968 1713 μέν
990 1624 1118 1715 είχον2

66 1732 206 1819 ἐφέστια
229 1731 284 1799 καὶ
307 1736 451 1819 κλήρους
473 1735 607 1818 ἔμειναν
630 1733 668 1799 ἐν
686 1742 724 1820 τῇ
744 1743 798 1820 γη,
820 1735 860 1800 τά
879 1732 906 1800 τ’
924 1734 1081 1821 ἀπομερι-

66 1837 196 1906 σθέντα
218 1843 313 1926 σφίσι
335 1837 389 1906 καὶ
413 1840 452 1905 τά
470 1840 536 1906 ὑπὸ
554 1851 621 1906 τῶν
639 1841 835 1926 κληρούχων
854 1839 1082 1926 ἀφορισθέντα
1097 1865 1122 1907 ιι

64 1948 214 2031 κτήματα
242 1955 467 2032 γεωργοῦντες
490 1943 543 2011 ἐπὶ
568 1947 682 2032 ῥηταῖς
704 1963 771 2012 τισι
794 1944 849 2012 καὶ
871 1951 1083 2032 τεταγμέναις

66 2057 212 2139 μοίραις,
236 2051 274 2130 ἀς
297 2050 333 2118 ἐκ
355 2063 422 2117 τῶν
444 2062 580 2138 καρπῶν
603 2052 717 2129 αὐτοῖς
739 2049 887 2118 ἐτέλουν·
911 2045 961 2130 οἷς
978 2051 1009 2117 δ’
1028 2053 1084 2119 ού-

67 2157 129 2226 δέν
152 2161 280 2226 τούτων
297 2153 352 2242 ἦν,
375 2157 525 2237 ἐξέλιπον
544 2158 604 2242 την
621 2161 733 2242 πόλιν,
754 2155 810 2223 καὶ
828 2155 1084 2243 ὑποδεχομένων
1167 2168 1170 2174 “

67 2265 192 2343 αὐτοὺς
227 2266 410 2351 προθύμως
442 2275 510 2330 τῶν
541 2266 699 2329 Αίκανῶν
735 2262 865 2329 ἐκεῖθεν
898 2264 1084 2349 ὁρμώμενοι

4 2375 149 2450 ιυιντοὺς
175 2374 330 2436 Λατίνων
361 2369 483 2455 ἀγροὺς
513 2366 700 2456 ἐλῄστευον.
747 2368 782 2434 ἐκ
813 2365 850 2434 δέ
879 2371 1000 2436 τούτου
1030 2367 1085 2435 καί
1099 2397 1125 2438 ιο

66 2489 139 2545 τῶν
160 2480 316 2543 Αἰκανῶν
340 2477 413 2541 ὅσοι
436 2479 599 2563 τολμηροί
618 2499 653 2541 τε
676 2473 731 2541 καὶ
754 2477 874 2561 ἀποροι
896 2471 982 2559 ἦσαν
1005 2493 1085 2542 συν-

68 2584 260 2669 ελάμβανον
297 2583 411 2660 αὐτοῖς
446 2593 513 2648 τῶν
545 2585 741 2668 λῃστηρίων.
794 2591 896 2649 ταῦτα
927 2585 1119 2658 Λατίνων3

70 2687 334 2774 ἀποδυρομένων
358 2687 410 2754 ἐπὶ
433 2699 491 2774 της
513 2692 638 2774 βουλῆς
658 2687 714 2755 καὶ
738 2687 921 2767 ἀξιούντων
942 2688 962 2773 ἢ
987 2705 1083 2775 στρα-

69 2797 148 2862 τιάν
171 2793 310 2879 πέμπειν
332 2795 353 2880 ἢ
376 2804 587 2881 συγχωρῆσαι
606 2798 721 2880 σφίσιν
741 2794 948 2873 αὐτοῖςτοὺς
967 2794 1086 2880 ἀρξαν-

70 2925 132 2979 τας
149 2899 294 2986 πολέμου
311 2901 515 2987 ἀμύνασθαι,
533 2904 698 2986 μαθόντες
711 2902 747 2967 οί
759 2903 915 2987 σύνεδροι
930 2901 1087 2986 στρατιὰν
1100 2927 1127 2968 ιι

81 3157 86 3166 ’
146 3168 162 3216 5
195 3160 370 3233 παραγγέλλη
395 3163 420 3216 A
447 3161 652 3236 παραγγέλ<η>
678 3161 727 3216 Bb
755 3166 939 3233 παραγγελθῇ
965 3161 1087 3232 Sylburg

74 3232 198 3296 θαύτάς
215 3233 359 3302 Kiessling
376 3234 455 3288 uncis
473 3234 589 3289 inclusit
652 3231 717 3288 9οί
733 3231 783 3288 ὑπ’
804 3251 827 3288 ο.
845 3231 990 3302 Kiessling
1052 3237 1086 3286 10

74 3306 217 3367 λαονίνιος
234 3303 285 3358 Ac
308 3305 472 3377 λαβίνιοςΒ
582 3310 614 3360 15
643 3301 821 3374 ἀφερνθέντα
841 3303 888 3360 Ba
911 3305 944 3357 ut
965 3302 1086 3372 videtur,

75 3372 358 3450 ἀφ<ο>ρκσ>θέντα
374 3375 453 3430 ABb
476 3373 673 3445 ἀφαιρεθέντα
692 3391 714 3430 ο.
735 3373 877 3444 Kiessling
962 3381 995 3430 23
1015 3374 1087 3429 ἀπο-

75 3445 240 3518 δοραμένων
259 3449 281 3502 Β
354 3451 389 3501 24
412 3445 599 3517 συγχωρήσειν
619 3447 641 3502 O
660 3447 773 3516 praeter
790 3444 813 3498 B
