2538 3884
513 221 682 274 -Θ-
1038 219 1103 286 347

79 376 139 443 καί
166 374 269 456 αὖθις
290 391 357 444 τῶν
379 379 531 465 ὑπάτων,
558 381 613 447 καὶ
636 380 732 469 μέχρι
754 388 882 450 πολλοῦ
904 393 962 468 τῆς
984 382 1107 468 ἁψιμα-

23 489 156 570 ιιεοχίας
183 496 253 551 τῶν
281 489 391 570 λόγων
418 485 699 572 ἐκμηκυνθείσης,
727 487 858 573 ἐκείνην
885 485 947 573 μέν
969 490 1031 573 την
1054 489 1106 554 έκ-

75 594 226 676 κλησίαν
259 590 413 660 διέλυσεν
444 594 493 670 είς
524 595 629 660 νύκτα
662 592 894 677 συγκλεισθεὶς
926 595 944 661 ὁ
976 599 1105 680 χρόνος.

76 696 287 782 προθέντων·
306 695 344 764 δέ
366 699 468 766 πάλιν
490 709 558 764 τῶν
580 699 760 785 δημάρχων
778 703 826 777 είς
843 703 958 786 τρίτην
976 700 1105 786 ἀγοράν

78 806 141 888 τὴν
169 802 250 890 περὶ
276 813 337 871 τοῦ
364 808 471 890 νόμου
500 806 697 889 διάγνωσιν,
725 803 781 870 καὶ
808 808 1035 883 συνελθόντος
1056 808 1104 872 ἔτι
1131 827 1145 868 ι

77 913 239 988 πλείονος
263 913 309 988 είς
331 910 438 995 αύτην
461 913 563 997 ὄχλου
584 914 622 978 τὸ
641 913 872 997 παραπλήσιον
890 921 935 999 τςό
954 910 1104 1001 προτέρῳ

80 1014 212 1102 συνέβη
244 1015 404 1101 γενέσθαι
436 1018 555 1095 πάθος.
601 1027 700 1084 τοῦτο
730 1018 879 1084 συνιδὼν
907 1018 925 1084 ὁ
953 1019 1139 1095 Πόπλιοςῧ

78 1126 169 1207 ἔγνω
195 1126 277 1208 μήτε
300 1134 371 1200 τοῖς
391 1123 530 1200 ὑπάτοις
552 1121 739 1211 ἐπιτρέπειν
762 1127 810 1190 ἔτι
832 1133 893 1190 τοῦ
916 1126 1023 1209 νόμον
1046 1149 1103 1190 κα-

77 1241 239 1314 τηγορεῖν
263 1232 343 1314 μήτε
365 1232 558 1313 πατρικίους
581 1228 640 1296 έάν
658 1239 697 1315 τῇ
716 1233 915 1317 ψηφοφορίᾳ
932 1242 1100 1316 παρεῖναι·

77 1334 159 1400 καθ’
190 1332 351 1422 ἑταιρείας
380 1335 444 1420 γάρ
473 1334 595 1401 ἐκεῖνοι
622 1334 677 1400 καὶ
706 1335 788 1401 κατά
817 1337 1007 1421 συστροφὰς
1033 1337 1101 1420 άμα
1116 1361 1143 1400 ιο

77 1453 151 1519 τοῖς
174 1439 303 1508 ἑαυτῶν
326 1441 480 1518 πελάταις
498 1441 560 1507 οὐκ
579 1441 705 1524 ὀλίγοις
723 1435 799 1508 ούσι
817 1441 925 1508 πολλά
944 1439 1026 1526 μέρη
1045 1451 1104 1525 τῆς

78 1546 209 1633 ἀγοράς
238 1557 408 1632 κατεῖχον,
440 1544 685 1624 ἐπικελεύοντές
714 1569 749 1612 τε
778 1558 848 1623 τοῖς
879 1555 1103 1632 κατηγοροῦσι

76 1663 140 1719 τοῦ
168 1656 278 1737 νόμου
301 1651 356 1718 καὶ
378 1656 608 1737 θορυβοῦντες
630 1654 709 1729 τοὺς
731 1651 1025 1737 ἀπολογουμένους
1047 1650 1103 1718 καλ

78 1759 166 1823 άλλα
194 1758 301 1824 πολλά
328 1757 545 1843 πράττοντες,
570 1757 730 1842 ἀκοσμίας
751 1782 786 1824 τε
809 1756 865 1824 καὶ
888 1762 963 1843 βίας
985 1768 1043 1844 τῆς
1066 1759 1103 1825 έν

76 1875 152 1942 ταῖς
173 1866 301 1948 ψήφοις
324 1861 484 1949 ἐχομένης
506 1864 692 1948 μηνύματα.
1117 1888 1143 1929 ιι

145 1968 315 2046 XXXXII.
349 1966 484 2055 Ἰῦιέσχε
516 1965 548 2033 δ’
582 1968 685 2035 αύτοῦ
714 1970 754 2035 τά
784 1972 994 2056 βουλεύματα
1022 1973 1103 2037 ὄντα

77 2076 265 2164 τυραννικά
284 2071 378 2160 ἑτέρα
397 2083 613 2159 συμπεσοῦσα
630 2078 795 2159 θεήλατος
811 2077 976 2162 συμφορά.
1003 2079 1103 2153 νόσος

77 2184 143 2268 γάρ
166 2183 276 2266 ἥψατο
297 2182 430 2264 λοιμικὴ
448 2190 507 2265 τῆς
524 2183 663 2264 πόλεως,
685 2178 846 2264 γενομένη
866 2177 929 2266 μὲν
946 2179 1102 2247 καὶκατὰ

24 2292 141 2375 ιιοῖτὴν
164 2289 272 2372 ἀλλην
291 2283 451 2369 Ἰταλίαν,
476 2285 618 2370 μάλιστα
642 2281 680 2351 δὲ
701 2285 913 2351 πλεονάσασα
935 2287 1018 2351 κατά
1040 2289 1102 2372 τὴν

74 2394 218 2480 Ῥώμην·
250 2391 306 2458 καὶ
333 2390 404 2459 οὔτ’
430 2392 629 2478 ἀνθρωπίνη
657 2393 799 2477 βοήθεια
826 2394 920 2477 ἤρκει
947 2402 1017 2469 τοῖς
1042 2392 1101 2457 κά-
1115 2419 1142 2458 ιο

79 2517 228 2587 μνουσιν
257 2498 414 2582 οὐδεμία,
444 2495 517 2562 ἀλλ’
549 2498 587 2565 έν
616 2506 661 2585 τῷ
693 2504 753 2588 ίσφ
782 2499 817 2564 οἵ
842 2521 876 2563 τε
904 2500 967 2563 σὺν
995 2503 1101 2584 πολλῇ

77 2608 347 2694 θεραπευόμενοι
376 2605 552 2690 φροντίδι,
582 2600 638 2668 καὶ
668 2593 718 2679 οἷς
745 2599 851 2687 μηδὲν
878 2602 1005 2686 ἐγίνετο
1033 2616 1103 2670 τῶν

79 2715 243 2796 δεόντων,
265 2708 494 2794 ἀπέθνησκον·
519 2709 594 2775 ούτε
618 2713 780 2774 λιτανεῖαι
797 2717 890 2776 θεῶν
907 2707 962 2775 καὶ
981 2715 1101 2776 θυσίαι

78 2819 134 2886 καὶ
167 2815 220 2904 ἐφ’
253 2816 312 2893 οὓς
341 2817 517 2902 ἀνθρωποι
547 2818 755 2892 τελευταίους
785 2815 822 2881 έν
853 2827 924 2893 ταῖς
953 2819 1101 2884 τοιαῖσδε

79 2924 321 3010 ἀναγκάζονται
339 2922 559 3006 καταφεύγειν
579 2931 777 3006 συμφοραῖς,
800 2922 836 2986 οί
851 2918 921 2987 κατ’
938 2925 1047 3011 ἀνδρα
1065 2947 1142 2991 τετε

154 3193 188 3242 10
212 3185 266 3256 γάρ
287 3202 341 3241 om.
360 3186 408 3239 Ba
498 3189 530 3237 11
551 3182 726 3256 (πελάταις)
744 3183 768 3236 Β
787 3199 850 3238 cum
868 3181 974 3236 rasuris
1067 3191 1100 3239 13

79 3260 274 3332 θορυβοῦντες
293 3256 315 3312 0
335 3256 599 3328 καταθορυβοῦντες
617 3271 639 3308 ο.
654 3252 799 3324 Kiessling
871 3258 903 3307 16
922 3252 1032 3322 ψήφοις
1050 3274 1101 3324 μη-

80 3331 193 3401 νύματα
209 3328 270 3382 sine
286 3323 420 3398 έχομὲνης
434 3326 457 3379 Β
475 3324 585 3394 ψήφοις
603 3323 760 3395 ἀρχομένης
774 3328 922 3394 μηνύματα
936 3340 960 3379 ο,
976 3323 1100 3381 Sintenis

79 3401 141 3460 Em.
161 3399 246 3455 Dion.
264 3399 304 3452 111
323 3405 357 3454 28
382 3393 516 3467 ἐσομένης
539 3413 562 3450 ο.
582 3396 704 3466 Sylburg
825 3401 859 3449 21
884 3396 917 3450 οἵ
935 3412 970 3452 ex
988 3413 1057 3452 corr.
1076 3397 1100 3451 B

81 3479 117 3528 24
136 3467 185 3541 ἐφ’
208 3468 250 3532 οἷς
269 3469 335 3524 άνῦῖ
353 3472 513 3524 τελευταῖον
531 3466 582 3522 Ac
