<?xml version="1.0" encoding="UTF-8"?>
<!DOCTYPE html PUBLIC "-//W3C//DTD XHTML 1.0 Transitional//EN"
    "http://www.w3.org/TR/xhtml1/DTD/xhtml1-transitional.dtd">
<html xmlns="http://www.w3.org/1999/xhtml" xml:lang="en" lang="en">
 <head>
  <title>
</title>
<meta http-equiv="Content-Type" content="text/html;charset=utf-8" />
  <meta name='ocr-system' content='tesseract 3.04.00' />
  <meta name='ocr-capabilities' content='ocr_page ocr_carea ocr_par ocr_line ocrx_word'/>
</head>
<body>
  <div class='ocr_page' id='page_1' title='image "./antiquitatumrom02jacogoog_0361.png"; bbox 0 0 2538 3884; ppageno 0'>
   <div class='ocr_carea' id='block_1_1' title="bbox 154 183 755 285">
    <p class='ocr_par' dir='ltr' id='par_1_1' title="bbox 154 183 755 285">
     <span class='ocr_line' id='line_1_1' title="bbox 154 183 755 285; baseline -0.002 0"><span class='ocrx_word' id='word_1_1' title='bbox 154 218 221 285; x_wconf 71' lang='grc' dir='ltr'><strong><em>τοο</em></strong></span> <span class='ocrx_word' id='word_1_2' title='bbox 575 249 613 260; x_wconf 93' lang='grc'>-</span> <span class='ocrx_word' id='word_1_3' title='bbox 649 218 674 272; x_wconf 82' lang='grc' dir='ltr'><strong><em>ο</em></strong></span> <span class='ocrx_word' id='word_1_4' title='bbox 712 183 755 260; x_wconf 82' lang='lat'><strong><em>-&#39;</em></strong></span> 
     </span>
    </p>
   </div>
   <div class='ocr_carea' id='block_1_2' title="bbox 21 377 1258 1315">
    <p class='ocr_par' dir='ltr' id='par_1_2' title="bbox 21 377 1258 1315">
     <span class='ocr_line' id='line_1_2' title="bbox 153 377 1179 467; baseline -0.003 -21"><span class='ocrx_word' id='word_1_5' title='bbox 153 382 299 466; x_wconf 85' lang='grc' dir='ltr'><strong><em>κρίνετε,</em></strong></span> <span class='ocrx_word' id='word_1_6' title='bbox 325 382 357 445; x_wconf 87' lang='grc' dir='ltr'><strong><em>εί</em></strong></span> <span class='ocrx_word' id='word_1_7' title='bbox 382 379 474 454; x_wconf 85' lang='grc' dir='ltr'><strong><em>ταῦτ’</em></strong></span> <span class='ocrx_word' id='word_1_8' title='bbox 500 380 762 467; x_wconf 77' lang='grc' dir='ltr'><strong><em>ἀστρατηγησίας</em></strong></span> <span class='ocrx_word' id='word_1_9' title='bbox 787 377 843 445; x_wconf 84' lang='grc' dir='ltr'><strong><em>καί</em></strong></span> <span class='ocrx_word' id='word_1_10' title='bbox 871 379 1067 466; x_wconf 77' lang='grc' dir='ltr'><em>ἀφροσύνης</em></span> <span class='ocrx_word' id='word_1_11' title='bbox 1091 381 1179 462; x_wconf 89' lang='grc' dir='ltr'><strong><em>ἐργα</em></strong></span> 
     </span>
     <span class='ocr_line' id='line_1_3' title="bbox 153 483 1179 572; baseline -0.003 -20"><span class='ocrx_word' id='word_1_12' title='bbox 153 489 316 571; x_wconf 76' lang='grc' dir='ltr'><strong><em>νομίζετε;</em></strong></span> <span class='ocrx_word' id='word_1_13' title='bbox 339 490 427 554; x_wconf 88' lang='grc' dir='ltr'><strong><em>πόσα</em></strong></span> <span class='ocrx_word' id='word_1_14' title='bbox 449 483 480 552; x_wconf 90' lang='grc' dir='ltr'><strong><em>δ’</em></strong></span> <span class='ocrx_word' id='word_1_15' title='bbox 502 489 586 553; x_wconf 81' lang='grc' dir='ltr'><strong><em>ἄλλα</em></strong></span> <span class='ocrx_word' id='word_1_16' title='bbox 609 488 730 553; x_wconf 91' lang='grc' dir='ltr'><strong><em>τούτου</em></strong></span> <span class='ocrx_word' id='word_1_17' title='bbox 753 488 979 572; x_wconf 78' lang='grc' dir='ltr'><strong><em>τολμηρότερα</em></strong></span> <span class='ocrx_word' id='word_1_18' title='bbox 1002 497 1073 562; x_wconf 82' lang='grc' dir='ltr'><strong><em>τοῖς</em></strong></span> <span class='ocrx_word' id='word_1_19' title='bbox 1096 485 1179 569; x_wconf 78' lang='grc' dir='ltr'><strong><em>ἡγε-</em></strong></span> 
     </span>
     <span class='ocr_line' id='line_1_4' title="bbox 21 589 1178 691; baseline -0.002 -31"><span class='ocrx_word' id='word_1_20' title='bbox 21 625 29 643; x_wconf 48' lang='lat' dir='ltr'>x</span> <span class='ocrx_word' id='word_1_21' title='bbox 154 596 254 678; x_wconf 88' lang='grc' dir='ltr'><strong><em>μόσιν</em></strong></span> <span class='ocrx_word' id='word_1_22' title='bbox 272 596 379 659; x_wconf 81' lang='grc' dir='ltr'><strong><em>ἔπεισι</em></strong></span> <span class='ocrx_word' id='word_1_23' title='bbox 396 595 561 679; x_wconf 77' lang='grc' dir='ltr'><strong><em>πράττειν,</em></strong></span> <span class='ocrx_word' id='word_1_24' title='bbox 586 593 667 660; x_wconf 84' lang='grc' dir='ltr'><strong><em>ὅταν</em></strong></span> <span class='ocrx_word' id='word_1_25' title='bbox 684 594 722 658; x_wconf 86' lang='grc' dir='ltr'><strong><em>τὸ</em></strong></span> <span class='ocrx_word' id='word_1_26' title='bbox 741 589 886 691; x_wconf 73' lang='grc' dir='ltr'><strong><em>ἀσφαλὲς</em></strong></span> <span class='ocrx_word' id='word_1_27' title='bbox 903 590 959 658; x_wconf 80' lang='grc' dir='ltr'><strong><em>καί</em></strong></span> <span class='ocrx_word' id='word_1_28' title='bbox 978 589 1178 676; x_wconf 84' lang='grc' dir='ltr'><strong><em>λελογισμέ-</em></strong></span> 
     </span>
     <span class='ocr_line' id='line_1_5' title="bbox 114 689 1256 786; baseline -0.003 -22"><span class='ocrx_word' id='word_1_29' title='bbox 114 700 135 764; x_wconf 90' lang='grc'>3</span> <span class='ocrx_word' id='word_1_30' title='bbox 154 723 216 765; x_wconf 91' lang='grc' dir='ltr'><strong><em>νον</em></strong></span> <span class='ocrx_word' id='word_1_31' title='bbox 238 701 355 784; x_wconf 75' lang='grc' dir='ltr'><strong><em>ἥκιστα</em></strong></span> <span class='ocrx_word' id='word_1_32' title='bbox 378 701 414 766; x_wconf 86' lang='grc' dir='ltr'><strong><em>οί</em></strong></span> <span class='ocrx_word' id='word_1_33' title='bbox 433 697 543 786; x_wconf 80' lang='grc' dir='ltr'><strong><em>καιροὶ</em></strong></span> <span class='ocrx_word' id='word_1_34' title='bbox 567 698 742 785; x_wconf 73' lang='grc' dir='ltr'><strong><em>δέχωνταις</em></strong></span> <span class='ocrx_word' id='word_1_35' title='bbox 766 700 802 764; x_wconf 81' lang='grc' dir='ltr'><strong><em>ολ</em></strong></span> <span class='ocrx_word' id='word_1_36' title='bbox 817 698 878 784; x_wconf 90' lang='grc' dir='ltr'><strong><em>μέν</em></strong></span> <span class='ocrx_word' id='word_1_37' title='bbox 896 720 934 781; x_wconf 90' lang='grc' dir='ltr'><strong><em>γε</em></strong></span> <span class='ocrx_word' id='word_1_38' title='bbox 952 699 1011 775; x_wconf 80' lang='grc' dir='ltr'><strong><em>τὰς</em></strong></span> <span class='ocrx_word' id='word_1_39' title='bbox 1029 700 1177 781; x_wconf 84' lang='grc' dir='ltr'><strong><em>σημαίας</em></strong></span> <span class='ocrx_word' id='word_1_40' title='bbox 1255 689 1256 770; x_wconf 64' lang='grc' dir='ltr'><strong><em>ί</em></strong></span> 
     </span>
     <span class='ocr_line' id='line_1_6' title="bbox 125 802 1174 892; baseline 0 -24"><span class='ocrx_word' id='word_1_41' title='bbox 125 827 139 868; x_wconf 80' lang='grc' dir='ltr'><strong><em>τ</em></strong></span> <span class='ocrx_word' id='word_1_42' title='bbox 155 804 360 892; x_wconf 79' lang='grc' dir='ltr'><strong><em>ἁρπάσαντες</em></strong></span> <span class='ocrx_word' id='word_1_43' title='bbox 380 817 448 871; x_wconf 91' lang='grc' dir='ltr'><strong><em>τῶν</em></strong></span> <span class='ocrx_word' id='word_1_44' title='bbox 471 802 640 891; x_wconf 81' lang='grc' dir='ltr'><strong><em>σφετέρων</em></strong></span> <span class='ocrx_word' id='word_1_45' title='bbox 658 807 799 891; x_wconf 78' lang='grc' dir='ltr'><strong><em>ἔρριψαν</em></strong></span> <span class='ocrx_word' id='word_1_46' title='bbox 817 806 866 882; x_wconf 89' lang='grc' dir='ltr'><strong><em>είς</em></strong></span> <span class='ocrx_word' id='word_1_47' title='bbox 882 806 961 880; x_wconf 82' lang='grc' dir='ltr'><strong><em>τοὺς</em></strong></span> <span class='ocrx_word' id='word_1_48' title='bbox 977 806 1174 888; x_wconf 88' lang='grc' dir='ltr'><strong><em>πολεμίους,</em></strong></span> 
     </span>
     <span class='ocr_line' id='line_1_7' title="bbox 153 908 1172 998; baseline -0.002 -22"><span class='ocrx_word' id='word_1_49' title='bbox 153 912 210 977; x_wconf 79' lang='grc' dir='ltr'><strong><em>ἵνα</em></strong></span> <span class='ocrx_word' id='word_1_50' title='bbox 227 923 298 990; x_wconf 77' lang='grc' dir='ltr'><strong><em>τοῖς</em></strong></span> <span class='ocrx_word' id='word_1_51' title='bbox 314 913 516 998; x_wconf 77' lang='grc' dir='ltr'><strong><em>βλακεύουσι</em></strong></span> <span class='ocrx_word' id='word_1_52' title='bbox 532 908 589 978; x_wconf 78' lang='grc' dir='ltr'><strong><em>καὶ</em></strong></span> <span class='ocrx_word' id='word_1_53' title='bbox 606 910 842 977; x_wconf 75' lang='grc' dir='ltr'><strong><em>ἀποδειλιῶσιν</em></strong></span> <span class='ocrx_word' id='word_1_54' title='bbox 861 909 897 976; x_wconf 82' lang='grc' dir='ltr'><strong><em>ἐκ</em></strong></span> <span class='ocrx_word' id='word_1_55' title='bbox 910 920 970 976; x_wconf 85' lang='grc' dir='ltr'><strong><em>τοῦ</em></strong></span> <span class='ocrx_word' id='word_1_56' title='bbox 984 908 1172 993; x_wconf 79' lang='grc' dir='ltr'><strong><em>ἀναγκαίου</em></strong></span> 
     </span>
     <span class='ocr_line' id='line_1_8' title="bbox 152 1015 1244 1104; baseline 0.001 -21"><span class='ocrx_word' id='word_1_57' title='bbox 152 1027 303 1104; x_wconf 78' lang='grc' dir='ltr'><strong><em>παραστῇ</em></strong></span> <span class='ocrx_word' id='word_1_58' title='bbox 325 1020 363 1084; x_wconf 88' lang='grc' dir='ltr'><strong><em>τὸ</em></strong></span> <span class='ocrx_word' id='word_1_59' title='bbox 382 1019 531 1103; x_wconf 79' lang='grc' dir='ltr'><strong><em>εὔψυχον</em></strong></span> <span class='ocrx_word' id='word_1_60' title='bbox 549 1015 788 1102; x_wconf 88' lang='grc' dir='ltr'><strong><em>ἐπισταμένοις,</em></strong></span> <span class='ocrx_word' id='word_1_61' title='bbox 810 1018 862 1082; x_wconf 85' lang='grc' dir='ltr'><strong><em>ότι</em></strong></span> <span class='ocrx_word' id='word_1_62' title='bbox 879 1019 958 1093; x_wconf 83' lang='grc' dir='ltr'><strong><em>τοὺς</em></strong></span> <span class='ocrx_word' id='word_1_63' title='bbox 974 1018 1019 1100; x_wconf 78' lang='grc' dir='ltr'><strong><em>μὴ</em></strong></span> <span class='ocrx_word' id='word_1_64' title='bbox 1039 1015 1244 1084; x_wconf 61' lang='lat' dir='ltr'>&amp;ww-1830</span> 
     </span>
     <span class='ocr_line' id='line_1_9' title="bbox 154 1125 1258 1210; baseline -0.001 -20"><span class='ocrx_word' id='word_1_65' title='bbox 154 1141 275 1202; x_wconf 89' lang='grc' dir='ltr'><strong><em>σαντας</em></strong></span> <span class='ocrx_word' id='word_1_66' title='bbox 296 1125 337 1188; x_wconf 77' lang='grc' dir='ltr'><strong><em>τὰ</em></strong></span> <span class='ocrx_word' id='word_1_67' title='bbox 355 1137 474 1210; x_wconf 74' lang='grc' dir='ltr'><strong><em>σημεῖα</em></strong></span> <span class='ocrx_word' id='word_1_68' title='bbox 491 1125 557 1190; x_wconf 83' lang='grc' dir='ltr'><strong><em>ὑπὸ</em></strong></span> <span class='ocrx_word' id='word_1_69' title='bbox 574 1135 643 1190; x_wconf 88' lang='grc' dir='ltr'><strong><em>τῶν</em></strong></span> <span class='ocrx_word' id='word_1_70' title='bbox 662 1135 855 1210; x_wconf 82' lang='grc' dir='ltr'><strong><em>στρατηγῶν</em></strong></span> <span class='ocrx_word' id='word_1_71' title='bbox 873 1126 928 1189; x_wconf 77' lang='grc' dir='ltr'><strong><em>δεῖ</em></strong></span> <span class='ocrx_word' id='word_1_72' title='bbox 944 1127 1007 1189; x_wconf 87' lang='grc' dir='ltr'><strong><em>σὺν</em></strong></span> <span class='ocrx_word' id='word_1_73' title='bbox 1026 1125 1172 1210; x_wconf 77' lang='grc' dir='ltr'><strong><em>αἰσχύνη</em></strong></span> <span class='ocrx_word' id='word_1_74' title='bbox 1257 1126 1258 1210; x_wconf 65' lang='grc' dir='ltr'><strong><em>ί</em></strong></span> 
     </span>
     <span class='ocr_line' id='line_1_10' title="bbox 153 1227 1172 1315; baseline -0.001 -21"><span class='ocrx_word' id='word_1_75' title='bbox 153 1228 352 1296; x_wconf 78' lang='grc' dir='ltr'><strong><em>ἀποθανεῖν·</em></strong></span> <span class='ocrx_word' id='word_1_76' title='bbox 380 1232 416 1296; x_wconf 78' lang='grc' dir='ltr'><strong><em>οἱ</em></strong></span> <span class='ocrx_word' id='word_1_77' title='bbox 440 1227 472 1296; x_wconf 90' lang='grc' dir='ltr'><strong><em>δ’</em></strong></span> <span class='ocrx_word' id='word_1_78' title='bbox 494 1233 542 1308; x_wconf 85' lang='grc' dir='ltr'><strong><em>είς</em></strong></span> <span class='ocrx_word' id='word_1_79' title='bbox 567 1232 630 1315; x_wconf 80' lang='grc' dir='ltr'><strong><em>τὴν</em></strong></span> <span class='ocrx_word' id='word_1_80' title='bbox 651 1241 720 1296; x_wconf 88' lang='grc' dir='ltr'><strong><em>τῶν</em></strong></span> <span class='ocrx_word' id='word_1_81' title='bbox 742 1233 910 1315; x_wconf 83' lang='grc' dir='ltr'><strong><em>πολεμίων</em></strong></span> <span class='ocrx_word' id='word_1_82' title='bbox 932 1231 1046 1315; x_wconf 83' lang='grc' dir='ltr'><strong><em>χώραν</em></strong></span> <span class='ocrx_word' id='word_1_83' title='bbox 1068 1228 1172 1314; x_wconf 88' lang='grc' dir='ltr'><strong><em>έμβα-</em></strong></span> 
     </span>
    </p>
   </div>
   <div class='ocr_carea' id='block_1_3' title="bbox 113 1333 1259 1446">
    <p class='ocr_par' dir='ltr' id='par_1_3' title="bbox 113 1333 1259 1446">
     <span class='ocr_line' id='line_1_11' title="bbox 113 1333 1259 1446; baseline 0.017 -48"><span class='ocrx_word' id='word_1_84' title='bbox 113 1359 139 1399; x_wconf 86' lang='lat'><strong><em>10</em></strong></span> <span class='ocrx_word' id='word_1_85' title='bbox 153 1339 268 1413; x_wconf 88' lang='grc' dir='ltr'><strong><em>λόντες</em></strong></span> <span class='ocrx_word' id='word_1_86' title='bbox 291 1338 413 1403; x_wconf 76' lang='grc' dir='ltr'><strong><em>ἔλυσαν</em></strong></span> <span class='ocrx_word' id='word_1_87' title='bbox 435 1337 476 1402; x_wconf 83' lang='grc' dir='ltr'><strong><em>τδ</em></strong></span> <span class='ocrx_word' id='word_1_88' title='bbox 500 1337 662 1422; x_wconf 75' lang='grc' dir='ltr'><strong><em>ζεύγματα</em></strong></span> <span class='ocrx_word' id='word_1_89' title='bbox 683 1346 752 1401; x_wconf 92' lang='grc' dir='ltr'><strong><em>τῶν</em></strong></span> <span class='ocrx_word' id='word_1_90' title='bbox 773 1347 947 1421; x_wconf 79' lang='grc' dir='ltr'><strong><em>ποταμῶν,</em></strong></span> <span class='ocrx_word' id='word_1_91' title='bbox 974 1335 1034 1412; x_wconf 72' lang='grc' dir='ltr'><strong><em>οὓς</em></strong></span> <span class='ocrx_word' id='word_1_92' title='bbox 1057 1333 1170 1420; x_wconf 65' lang='grc' dir='ltr'><strong><em>διέβη·</em></strong></span> <span class='ocrx_word' id='word_1_93' title='bbox 1258 1397 1259 1446; x_wconf 51' lang='grc' dir='ltr'><strong><em>η</em></strong></span> 
     </span>
    </p>
   </div>
   <div class='ocr_carea' id='block_1_4' title="bbox 111 1441 1261 1964">
    <p class='ocr_par' dir='ltr' id='par_1_4' title="bbox 153 1441 1259 1528">
     <span class='ocr_line' id='line_1_12' title="bbox 153 1441 1259 1528; baseline 0 -20"><span class='ocrx_word' id='word_1_94' title='bbox 153 1460 234 1527; x_wconf 88' lang='grc' dir='ltr'><strong><em>σαν,</em></strong></span> <span class='ocrx_word' id='word_1_95' title='bbox 265 1444 321 1509; x_wconf 80' lang='grc' dir='ltr'><strong><em>ἵνα</em></strong></span> <span class='ocrx_word' id='word_1_96' title='bbox 350 1455 420 1521; x_wconf 78' lang='grc' dir='ltr'><strong><em>τοῖς</em></strong></span> <span class='ocrx_word' id='word_1_97' title='bbox 448 1445 587 1528; x_wconf 84' lang='grc' dir='ltr'><strong><em>φεύγειν</em></strong></span> <span class='ocrx_word' id='word_1_98' title='bbox 617 1441 873 1527; x_wconf 76' lang='grc' dir='ltr'><strong><em>διανοουμένοις</em></strong></span> <span class='ocrx_word' id='word_1_99' title='bbox 902 1443 1026 1527; x_wconf 79' lang='grc' dir='ltr'><strong><em>ἄπορος</em></strong></span> <span class='ocrx_word' id='word_1_100' title='bbox 1055 1441 1077 1524; x_wconf 76' lang='grc' dir='ltr'><strong><em>ἡ</em></strong></span> <span class='ocrx_word' id='word_1_101' title='bbox 1107 1451 1170 1508; x_wconf 88' lang='grc' dir='ltr'><strong><em>τοῦ</em></strong></span> <span class='ocrx_word' id='word_1_102' title='bbox 1258 1457 1259 1466; x_wconf 76' lang='grc'>’</span> 
     </span>
    </p>

    <p class='ocr_par' dir='ltr' id='par_1_5' title="bbox 152 1544 1171 1635">
     <span class='ocr_line' id='line_1_13' title="bbox 152 1544 1171 1635; baseline -0.004 -20"><span class='ocrx_word' id='word_1_103' title='bbox 152 1556 307 1634; x_wconf 79' lang='grc' dir='ltr'><strong><em>σωθῆναι</em></strong></span> <span class='ocrx_word' id='word_1_104' title='bbox 334 1547 427 1627; x_wconf 82' lang='grc' dir='ltr'><strong><em>ἐλπίς</em></strong></span> <span class='ocrx_word' id='word_1_105' title='bbox 452 1560 595 1635; x_wconf 77' lang='grc' dir='ltr'><strong><em>φανεῖσα</em></strong></span> <span class='ocrx_word' id='word_1_106' title='bbox 621 1549 762 1635; x_wconf 81' lang='grc' dir='ltr'><strong><em>θύρσος</em></strong></span> <span class='ocrx_word' id='word_1_107' title='bbox 776 1551 968 1634; x_wconf 78' lang='grc' dir='ltr'><strong><em>παραστήσῃ</em></strong></span> <span class='ocrx_word' id='word_1_108' title='bbox 990 1544 1045 1612; x_wconf 82' lang='grc' dir='ltr'><strong><em>καί</em></strong></span> <span class='ocrx_word' id='word_1_109' title='bbox 1069 1544 1171 1631; x_wconf 90' lang='grc' dir='ltr'><strong><em>μένος</em></strong></span> 
     </span>
    </p>

    <p class='ocr_par' dir='ltr' id='par_1_6' title="bbox 153 1653 1169 1741">
     <span class='ocr_line' id='line_1_14' title="bbox 153 1653 1169 1741; baseline -0.003 -20"><span class='ocrx_word' id='word_1_110' title='bbox 153 1655 190 1722; x_wconf 93' lang='grc' dir='ltr'><strong><em>ἐν</em></strong></span> <span class='ocrx_word' id='word_1_111' title='bbox 216 1668 289 1733; x_wconf 76' lang='grc' dir='ltr'><strong><em>ταῖς</em></strong></span> <span class='ocrx_word' id='word_1_112' title='bbox 315 1657 445 1741; x_wconf 78' lang='grc' dir='ltr'><strong><em>μάχαις·</em></strong></span> <span class='ocrx_word' id='word_1_113' title='bbox 478 1656 514 1722; x_wconf 88' lang='grc' dir='ltr'><strong><em>οί</em></strong></span> <span class='ocrx_word' id='word_1_114' title='bbox 538 1653 575 1721; x_wconf 76' lang='grc' dir='ltr'><strong><em>δὲ</em></strong></span> <span class='ocrx_word' id='word_1_115' title='bbox 601 1657 660 1733; x_wconf 81' lang='grc' dir='ltr'><strong><em>τὰς</em></strong></span> <span class='ocrx_word' id='word_1_116' title='bbox 687 1657 810 1741; x_wconf 84' lang='grc' dir='ltr'><strong><em>σκηνὰς</em></strong></span> <span class='ocrx_word' id='word_1_117' title='bbox 836 1653 891 1720; x_wconf 83' lang='grc' dir='ltr'><strong><em>καί</em></strong></span> <span class='ocrx_word' id='word_1_118' title='bbox 913 1655 953 1719; x_wconf 83' lang='grc' dir='ltr'><strong><em>τά</em></strong></span> <span class='ocrx_word' id='word_1_119' title='bbox 977 1656 1169 1739; x_wconf 82' lang='grc' dir='ltr'><strong><em>σκευοφόρα</em></strong></span> 
     </span>
    </p>

    <p class='ocr_par' dir='ltr' id='par_1_7' title="bbox 111 1759 1261 1964">
     <span class='ocr_line' id='line_1_15' title="bbox 151 1759 1168 1848; baseline -0.002 -22"><span class='ocrx_word' id='word_1_120' title='bbox 151 1763 415 1839; x_wconf 87' lang='grc' dir='ltr'><strong><em>κατακαύσαντες</em></strong></span> <span class='ocrx_word' id='word_1_121' title='bbox 446 1762 595 1848; x_wconf 78' lang='grc' dir='ltr'><strong><em>ἀνάγκην</em></strong></span> <span class='ocrx_word' id='word_1_122' title='bbox 627 1760 795 1847; x_wconf 76' lang='grc' dir='ltr'><strong><em>ἐπέθηκαν</em></strong></span> <span class='ocrx_word' id='word_1_123' title='bbox 826 1773 895 1838; x_wconf 86' lang='grc' dir='ltr'><strong><em>τοίς</em></strong></span> <span class='ocrx_word' id='word_1_124' title='bbox 926 1759 1099 1846; x_wconf 81' lang='grc' dir='ltr'><strong><em>σφετέροις</em></strong></span> <span class='ocrx_word' id='word_1_125' title='bbox 1132 1759 1168 1824; x_wconf 88' lang='grc' dir='ltr'><strong><em>ἐκ</em></strong></span> 
     </span>
     <span class='ocr_line' id='line_1_16' title="bbox 111 1850 1261 1964; baseline 0.002 -34"><span class='ocrx_word' id='word_1_126' title='bbox 111 1850 210 1964; x_wconf 47' lang='grc' dir='ltr'><strong><em>ἓτῆς</em></strong></span> <span class='ocrx_word' id='word_1_127' title='bbox 240 1872 414 1952; x_wconf 80' lang='grc' dir='ltr'><strong><em>πολεμίας,</em></strong></span> <span class='ocrx_word' id='word_1_128' title='bbox 446 1869 534 1934; x_wconf 80' lang='grc' dir='ltr'><strong><em>ὅσον</em></strong></span> <span class='ocrx_word' id='word_1_129' title='bbox 566 1867 715 1953; x_wconf 85' lang='grc' dir='ltr'><strong><em>δέονται,</em></strong></span> <span class='ocrx_word' id='word_1_130' title='bbox 746 1868 938 1953; x_wconf 77' lang='grc' dir='ltr'><strong><em>λαμβάνειν.</em></strong></span> <span class='ocrx_word' id='word_1_131' title='bbox 988 1866 1031 1933; x_wconf 88' lang='grc' dir='ltr'><strong><em>ἐῶ</em></strong></span> <span class='ocrx_word' id='word_1_132' title='bbox 1062 1861 1167 1932; x_wconf 83' lang='grc' dir='ltr'><strong><em>τᾶλλα</em></strong></span> <span class='ocrx_word' id='word_1_133' title='bbox 1260 1940 1261 1958; x_wconf 22' lang='grc' dir='ltr'><strong><em>ρ</em></strong></span> 
     </span>
    </p>
   </div>
   <div class='ocr_carea' id='block_1_5' title="bbox 107 1961 1261 3227">
    <p class='ocr_par' dir='ltr' id='par_1_8' title="bbox 150 1961 1261 2378">
     <span class='ocr_line' id='line_1_17' title="bbox 152 1961 1261 2060; baseline 0 -22"><span class='ocrx_word' id='word_1_134' title='bbox 152 1977 254 2059; x_wconf 90' lang='grc' dir='ltr'><strong><em>μυρία</em></strong></span> <span class='ocrx_word' id='word_1_135' title='bbox 281 1975 362 2040; x_wconf 76' lang='grc' dir='ltr'><strong><em>ὄντα</em></strong></span> <span class='ocrx_word' id='word_1_136' title='bbox 389 1973 515 2059; x_wconf 88' lang='grc' dir='ltr'><strong><em>λέγειν,</em></strong></span> <span class='ocrx_word' id='word_1_137' title='bbox 541 1973 596 2040; x_wconf 83' lang='grc' dir='ltr'><strong><em>καί</em></strong></span> <span class='ocrx_word' id='word_1_138' title='bbox 624 1975 687 2040; x_wconf 84' lang='grc' dir='ltr'><strong><em>ὅσα</em></strong></span> <span class='ocrx_word' id='word_1_139' title='bbox 711 1975 860 2060; x_wconf 77' lang='grc' dir='ltr'><strong><em>τολμηρὰ</em></strong></span> <span class='ocrx_word' id='word_1_140' title='bbox 883 1977 963 2060; x_wconf 77' lang='grc' dir='ltr'><strong><em>ἔργα</em></strong></span> <span class='ocrx_word' id='word_1_141' title='bbox 985 1972 1041 2038; x_wconf 85' lang='grc' dir='ltr'><strong><em>καὶ</em></strong></span> <span class='ocrx_word' id='word_1_142' title='bbox 1065 1972 1166 2040; x_wconf 86' lang='grc' dir='ltr'><strong><em>ἐνθυ-</em></strong></span> <span class='ocrx_word' id='word_1_143' title='bbox 1260 1961 1261 1991; x_wconf 56' lang='lat'>¹</span> 
     </span>
     <span class='ocr_line' id='line_1_18' title="bbox 152 2078 1167 2168; baseline 0.001 -24"><span class='ocrx_word' id='word_1_144' title='bbox 152 2082 283 2165; x_wconf 79' lang='grc' dir='ltr'><strong><em>μήματα</em></strong></span> <span class='ocrx_word' id='word_1_145' title='bbox 306 2079 400 2166; x_wconf 72' lang='grc' dir='ltr'><strong><em>ἕτερα</em></strong></span> <span class='ocrx_word' id='word_1_146' title='bbox 418 2090 612 2165; x_wconf 91' lang='grc' dir='ltr'><strong><em>στρατηγῶν</em></strong></span> <span class='ocrx_word' id='word_1_147' title='bbox 631 2081 760 2168; x_wconf 80' lang='grc' dir='ltr'><strong><em>ίστορίᾳ</em></strong></span> <span class='ocrx_word' id='word_1_148' title='bbox 776 2104 813 2145; x_wconf 91' lang='grc' dir='ltr'><strong><em>τε</em></strong></span> <span class='ocrx_word' id='word_1_149' title='bbox 830 2078 885 2146; x_wconf 85' lang='grc' dir='ltr'><strong><em>καὶ</em></strong></span> <span class='ocrx_word' id='word_1_150' title='bbox 902 2084 1001 2168; x_wconf 75' lang='grc' dir='ltr'><strong><em>πείρᾳ</em></strong></span> <span class='ocrx_word' id='word_1_151' title='bbox 1018 2085 1167 2165; x_wconf 90' lang='grc' dir='ltr'><strong><em>παραλα-</em></strong></span> 
     </span>
     <span class='ocr_line' id='line_1_19' title="bbox 150 2177 1166 2271; baseline -0.001 -19"><span class='ocrx_word' id='word_1_152' title='bbox 150 2190 268 2270; x_wconf 81' lang='grc' dir='ltr'><strong><em>βόντες</em></strong></span> <span class='ocrx_word' id='word_1_153' title='bbox 290 2189 419 2271; x_wconf 74' lang='grc' dir='ltr'><strong><em>ἔχομεν,</em></strong></span> <span class='ocrx_word' id='word_1_154' title='bbox 442 2182 494 2271; x_wconf 83' lang='grc' dir='ltr'><strong><em>ἐφ’</em></strong></span> <span class='ocrx_word' id='word_1_155' title='bbox 513 2177 564 2263; x_wconf 83' lang='grc' dir='ltr'><strong><em>οἷς</em></strong></span> <span class='ocrx_word' id='word_1_156' title='bbox 582 2185 695 2265; x_wconf 82' lang='grc' dir='ltr'><strong><em>οὐδεὶς</em></strong></span> <span class='ocrx_word' id='word_1_157' title='bbox 711 2188 842 2254; x_wconf 84' lang='grc' dir='ltr'><strong><em>πώποτε</em></strong></span> <span class='ocrx_word' id='word_1_158' title='bbox 860 2197 928 2252; x_wconf 87' lang='grc' dir='ltr'><strong><em>τῶν</em></strong></span> <span class='ocrx_word' id='word_1_159' title='bbox 945 2185 1166 2266; x_wconf 75' lang='grc' dir='ltr'><strong><em>ψευσθέντων</em></strong></span> 
     </span>
     <span class='ocr_line' id='line_1_20' title="bbox 150 2291 1166 2378; baseline 0 -21"><span class='ocrx_word' id='word_1_160' title='bbox 150 2303 208 2378; x_wconf 83' lang='grc' dir='ltr'><strong><em>τῆς</em></strong></span> <span class='ocrx_word' id='word_1_161' title='bbox 234 2293 368 2370; x_wconf 85' lang='grc' dir='ltr'><strong><em>ἐλπίδος</em></strong></span> <span class='ocrx_word' id='word_1_162' title='bbox 393 2291 514 2377; x_wconf 85' lang='grc' dir='ltr'><strong><em>ὑπέσχε</em></strong></span> <span class='ocrx_word' id='word_1_163' title='bbox 544 2293 645 2370; x_wconf 88' lang='grc' dir='ltr'><strong><em>δίκας.</em></strong></span> <span class='ocrx_word' id='word_1_164' title='bbox 691 2295 723 2358; x_wconf 88' lang='grc' dir='ltr'><strong><em>εί</em></strong></span> <span class='ocrx_word' id='word_1_165' title='bbox 748 2294 792 2378; x_wconf 80' lang='grc' dir='ltr'><strong><em>μὴ</em></strong></span> <span class='ocrx_word' id='word_1_166' title='bbox 821 2295 886 2378; x_wconf 81' lang='grc' dir='ltr'><strong><em>ἄρα</em></strong></span> <span class='ocrx_word' id='word_1_167' title='bbox 908 2295 974 2378; x_wconf 80' lang='grc' dir='ltr'><strong><em>ἔχει</em></strong></span> <span class='ocrx_word' id='word_1_168' title='bbox 996 2315 1047 2368; x_wconf 86' lang='grc' dir='ltr'><strong><em>τις</em></strong></span> <span class='ocrx_word' id='word_1_169' title='bbox 1069 2293 1166 2376; x_wconf 83' lang='grc' dir='ltr'><strong><em>ὑμῶν</em></strong></span> 
     </span>
    </p>

    <p class='ocr_par' dir='ltr' id='par_1_9' title="bbox 110 2399 1167 2910">
     <span class='ocr_line' id='line_1_21' title="bbox 110 2399 1167 2486; baseline -0.002 -21"><span class='ocrx_word' id='word_1_170' title='bbox 110 2419 137 2459; x_wconf 78' lang='lat'><strong><em>20</em></strong></span> <span class='ocrx_word' id='word_1_171' title='bbox 152 2401 369 2465; x_wconf 81' lang='grc' dir='ltr'><strong><em>αἰτιάσασθαί</em></strong></span> <span class='ocrx_word' id='word_1_172' title='bbox 412 2422 467 2483; x_wconf 89' lang='grc' dir='ltr'><strong><em>με,</em></strong></span> <span class='ocrx_word' id='word_1_173' title='bbox 513 2399 564 2464; x_wconf 87' lang='grc' dir='ltr'><strong><em>ὅτι</em></strong></span> <span class='ocrx_word' id='word_1_174' title='bbox 608 2401 789 2486; x_wconf 84' lang='grc' dir='ltr'><strong><em>προβαλὼν</em></strong></span> <span class='ocrx_word' id='word_1_175' title='bbox 833 2402 912 2476; x_wconf 85' lang='grc' dir='ltr'><strong><em>τοὺς</em></strong></span> <span class='ocrx_word' id='word_1_176' title='bbox 953 2400 1078 2476; x_wconf 81' lang='grc' dir='ltr'><strong><em>ἄλλους</em></strong></span> <span class='ocrx_word' id='word_1_177' title='bbox 1118 2400 1167 2475; x_wconf 89' lang='grc' dir='ltr'><strong><em>είς</em></strong></span> 
     </span>
     <span class='ocr_line' id='line_1_22' title="bbox 149 2501 1166 2591; baseline -0.001 -20"><span class='ocrx_word' id='word_1_178' title='bbox 149 2501 322 2591; x_wconf 84' lang='grc' dir='ltr'><strong><em>προῦπτον</em></strong></span> <span class='ocrx_word' id='word_1_179' title='bbox 345 2506 508 2590; x_wconf 75' lang='grc' dir='ltr'><strong><em>ὄλεθρον,</em></strong></span> <span class='ocrx_word' id='word_1_180' title='bbox 534 2506 634 2582; x_wconf 82' lang='grc' dir='ltr'><strong><em>αὐτὸς</em></strong></span> <span class='ocrx_word' id='word_1_181' title='bbox 656 2505 717 2584; x_wconf 79' lang='grc' dir='ltr'><strong><em>ἔξω</em></strong></span> <span class='ocrx_word' id='word_1_182' title='bbox 739 2513 800 2570; x_wconf 82' lang='grc' dir='ltr'><strong><em>τοῦ</em></strong></span> <span class='ocrx_word' id='word_1_183' title='bbox 814 2505 984 2571; x_wconf 92' lang='grc' dir='ltr'><strong><em>κινδύνου</em></strong></span> <span class='ocrx_word' id='word_1_184' title='bbox 1006 2505 1045 2569; x_wconf 88' lang='grc' dir='ltr'><strong><em>τὸ</em></strong></span> <span class='ocrx_word' id='word_1_185' title='bbox 1069 2516 1166 2590; x_wconf 89' lang='grc' dir='ltr'><strong><em>σῶμα</em></strong></span> 
     </span>
     <span class='ocr_line' id='line_1_23' title="bbox 150 2607 1166 2697; baseline 0.002 -21"><span class='ocrx_word' id='word_1_186' title='bbox 150 2607 251 2697; x_wconf 84' lang='grc' dir='ltr'><strong><em>εἶχον.</em></strong></span> <span class='ocrx_word' id='word_1_187' title='bbox 296 2613 328 2677; x_wconf 83' lang='grc' dir='ltr'><strong><em>εί</em></strong></span> <span class='ocrx_word' id='word_1_188' title='bbox 355 2607 394 2676; x_wconf 76' lang='grc' dir='ltr'><strong><em>δέ</em></strong></span> <span class='ocrx_word' id='word_1_189' title='bbox 423 2613 504 2696; x_wconf 78' lang='grc' dir='ltr'><strong><em>μετὰ</em></strong></span> <span class='ocrx_word' id='word_1_190' title='bbox 530 2613 664 2677; x_wconf 80' lang='grc' dir='ltr'><strong><em>πάντων</em></strong></span> <span class='ocrx_word' id='word_1_191' title='bbox 690 2609 718 2675; x_wconf 88' lang='grc' dir='ltr'><strong><em>τ’</em></strong></span> <span class='ocrx_word' id='word_1_192' title='bbox 747 2610 945 2696; x_wconf 80' lang='grc' dir='ltr'><strong><em>ἐξηταζόμην</em></strong></span> <span class='ocrx_word' id='word_1_193' title='bbox 971 2609 1026 2676; x_wconf 82' lang='grc' dir='ltr'><strong><em>καί</em></strong></span> <span class='ocrx_word' id='word_1_194' title='bbox 1051 2617 1166 2678; x_wconf 88' lang='grc' dir='ltr'><strong><em>τελευ-</em></strong></span> 
     </span>
     <span class='ocr_line' id='line_1_24' title="bbox 150 2715 1166 2802; baseline 0 -20"><span class='ocrx_word' id='word_1_195' title='bbox 150 2729 241 2794; x_wconf 76' lang='grc' dir='ltr'><strong><em>ταῖος</em></strong></span> <span class='ocrx_word' id='word_1_196' title='bbox 269 2716 523 2802; x_wconf 86' lang='grc' dir='ltr'><strong><em>ἀπηλλαττόμην</em></strong></span> <span class='ocrx_word' id='word_1_197' title='bbox 551 2715 607 2783; x_wconf 82' lang='grc' dir='ltr'><strong><em>καί</em></strong></span> <span class='ocrx_word' id='word_1_198' title='bbox 636 2726 694 2800; x_wconf 80' lang='grc' dir='ltr'><strong><em>τῆς</em></strong></span> <span class='ocrx_word' id='word_1_199' title='bbox 722 2717 823 2801; x_wconf 77' lang='grc' dir='ltr'><strong><em>αὐτῆς</em></strong></span> <span class='ocrx_word' id='word_1_200' title='bbox 851 2728 921 2794; x_wconf 76' lang='grc' dir='ltr'><strong><em>τοῖς</em></strong></span> <span class='ocrx_word' id='word_1_201' title='bbox 949 2718 1062 2792; x_wconf 84' lang='grc' dir='ltr'><strong><em>ἀλλοις</em></strong></span> <span class='ocrx_word' id='word_1_202' title='bbox 1089 2741 1166 2802; x_wconf 91' lang='grc' dir='ltr'><strong><em>μετ-</em></strong></span> 
     </span>
     <span class='ocr_line' id='line_1_25' title="bbox 149 2817 1165 2910; baseline 0 -22"><span class='ocrx_word' id='word_1_203' title='bbox 149 2833 241 2907; x_wconf 79' lang='grc' dir='ltr'><strong><em>είχον</em></strong></span> <span class='ocrx_word' id='word_1_204' title='bbox 264 2823 375 2907; x_wconf 88' lang='grc' dir='ltr'><strong><em>τύχης,</em></strong></span> <span class='ocrx_word' id='word_1_205' title='bbox 397 2826 433 2888; x_wconf 92' lang='grc' dir='ltr'><strong><em>τί</em></strong></span> <span class='ocrx_word' id='word_1_206' title='bbox 451 2822 570 2903; x_wconf 74' lang='grc' dir='ltr'><strong><em>ἀδικῶς</em></strong></span> <span class='ocrx_word' id='word_1_207' title='bbox 594 2821 650 2889; x_wconf 83' lang='grc' dir='ltr'><strong><em>καὶ</em></strong></span> <span class='ocrx_word' id='word_1_208' title='bbox 671 2821 747 2910; x_wconf 81' lang='grc' dir='ltr'><strong><em>περὶ</em></strong></span> <span class='ocrx_word' id='word_1_209' title='bbox 767 2819 830 2908; x_wconf 69' lang='grc' dir='ltr'><strong><em>μὲν</em></strong></span> <span class='ocrx_word' id='word_1_210' title='bbox 848 2822 930 2907; x_wconf 85' lang='grc' dir='ltr'><strong><em>ἐμοῦ</em></strong></span> <span class='ocrx_word' id='word_1_211' title='bbox 948 2817 1047 2888; x_wconf 88' lang='grc' dir='ltr'><strong><em>ταῦθ’</em></strong></span> <span class='ocrx_word' id='word_1_212' title='bbox 1065 2825 1165 2888; x_wconf 86' lang='grc' dir='ltr'><strong><em>ίκανά</em></strong></span> 
     </span>
    </p>

    <p class='ocr_par' dir='ltr' id='par_1_10' title="bbox 107 2931 307 3014">
     <span class='ocr_line' id='line_1_26' title="bbox 107 2931 307 3014; baseline 0.025 -27"><span class='ocrx_word' id='word_1_213' title='bbox 107 2946 135 2987; x_wconf 79' lang='grc' dir='ltr'><strong><em>ει</em></strong></span> <span class='ocrx_word' id='word_1_214' title='bbox 149 2931 307 3014; x_wconf 78' lang='grc' dir='ltr'><strong><em>εἰρήσθω.</em></strong></span> 
     </span>
    </p>

    <p class='ocr_par' dir='ltr' id='par_1_11' title="bbox 215 3032 1230 3121">
     <span class='ocr_line' id='line_1_27' title="bbox 215 3032 1230 3121; baseline 0 -23"><span class='ocrx_word' id='word_1_215' title='bbox 215 3033 352 3099; x_wconf 90' lang='lat' dir='ltr'>XXXII.</span> <span class='ocrx_word' id='word_1_216' title='bbox 388 3033 475 3121; x_wconf 85' lang='grc' dir='ltr'><strong><em>Περὶ</em></strong></span> <span class='ocrx_word' id='word_1_217' title='bbox 503 3032 541 3101; x_wconf 76' lang='grc' dir='ltr'><strong><em>δὲ</em></strong></span> <span class='ocrx_word' id='word_1_218' title='bbox 567 3044 626 3120; x_wconf 79' lang='grc' dir='ltr'><strong><em>τῆς</em></strong></span> <span class='ocrx_word' id='word_1_219' title='bbox 652 3040 776 3121; x_wconf 80' lang='grc' dir='ltr'><strong><em>βουλῆς</em></strong></span> <span class='ocrx_word' id='word_1_220' title='bbox 798 3032 854 3100; x_wconf 83' lang='grc' dir='ltr'><strong><em>καί</em></strong></span> <span class='ocrx_word' id='word_1_221' title='bbox 876 3045 944 3100; x_wconf 91' lang='grc' dir='ltr'><strong><em>τῶν</em></strong></span> <span class='ocrx_word' id='word_1_222' title='bbox 966 3041 1230 3121; x_wconf 81' lang='grc' dir='ltr'><strong><em>πατρικίων,1831</em></strong></span> 
     </span>
    </p>

    <p class='ocr_par' dir='ltr' id='par_1_12' title="bbox 149 3139 1163 3227">
     <span class='ocr_line' id='line_1_28' title="bbox 149 3139 1163 3227; baseline -0.001 -19"><span class='ocrx_word' id='word_1_223' title='bbox 149 3142 262 3227; x_wconf 79' lang='grc' dir='ltr'><strong><em>ἐπειδὴ</em></strong></span> <span class='ocrx_word' id='word_1_224' title='bbox 289 3143 327 3207; x_wconf 88' lang='grc' dir='ltr'><strong><em>τὸ</em></strong></span> <span class='ocrx_word' id='word_1_225' title='bbox 350 3142 466 3207; x_wconf 86' lang='grc' dir='ltr'><strong><em>κοινδν</em></strong></span> <span class='ocrx_word' id='word_1_226' title='bbox 489 3141 584 3226; x_wconf 84' lang='grc' dir='ltr'><strong><em>ὑμῶν</em></strong></span> <span class='ocrx_word' id='word_1_227' title='bbox 606 3153 717 3225; x_wconf 86' lang='grc' dir='ltr'><strong><em>μίσος,</em></strong></span> <span class='ocrx_word' id='word_1_228' title='bbox 745 3139 763 3206; x_wconf 87' lang='grc' dir='ltr'>ὃ</span> <span class='ocrx_word' id='word_1_229' title='bbox 788 3142 844 3206; x_wconf 87' lang='grc' dir='ltr'><strong><em>διδι</em></strong></span> <span class='ocrx_word' id='word_1_230' title='bbox 865 3143 927 3226; x_wconf 80' lang='grc' dir='ltr'><strong><em>τὴν</em></strong></span> <span class='ocrx_word' id='word_1_231' title='bbox 949 3148 1163 3208; x_wconf 75' lang='grc' dir='ltr'><strong><em>κωλυθεῖσαν</em></strong></span> 
     </span>
    </p>
   </div>
   <div class='ocr_carea' id='block_1_6' title="bbox 147 3327 1165 3543">
    <p class='ocr_par' dir='ltr' id='par_1_13' title="bbox 147 3327 1165 3543">
     <span class='ocr_line' id='line_1_29' title="bbox 220 3327 1164 3404; baseline 0 -16"><span class='ocrx_word' id='word_1_232' title='bbox 220 3327 344 3402; x_wconf 75' lang='grc' dir='ltr'><strong><em>δῆλθεν</em></strong></span> <span class='ocrx_word' id='word_1_233' title='bbox 364 3327 411 3387; x_wconf 81' lang='grc' dir='ltr'><strong><em>ἐπὶ</em></strong></span> <span class='ocrx_word' id='word_1_234' title='bbox 429 3340 499 3387; x_wconf 82' lang='grc' dir='ltr'><strong><em>νοῶν</em></strong></span> <span class='ocrx_word' id='word_1_235' title='bbox 516 3331 543 3384; x_wconf 89' lang='grc' dir='ltr'><strong>Α</strong></span> <span class='ocrx_word' id='word_1_236' title='bbox 561 3327 692 3386; x_wconf 78' lang='grc' dir='ltr'><strong><em>ἐπεισιΒ</em></strong></span> <span class='ocrx_word' id='word_1_237' title='bbox 750 3329 816 3396; x_wconf 77' lang='grc' dir='ltr'><strong><em>4οί</em></strong></span> <span class='ocrx_word' id='word_1_238' title='bbox 832 3332 884 3403; x_wconf 69' lang='grc' dir='ltr'><strong><em>μὲν</em></strong></span> <span class='ocrx_word' id='word_1_239' title='bbox 920 3332 956 3402; x_wconf 84' lang='grc' dir='ltr'><strong><em>ἀρ</em></strong></span> <span class='ocrx_word' id='word_1_240' title='bbox 974 3334 1000 3387; x_wconf 90' lang='lat' dir='ltr'>A</span> <span class='ocrx_word' id='word_1_241' title='bbox 1020 3335 1025 3400; x_wconf 86' lang='grc'>1</span> <span class='ocrx_word' id='word_1_242' title='bbox 1047 3336 1164 3404; x_wconf 85' lang='grc' dir='ltr'><strong><em>σημείας</em></strong></span> 
     </span>
     <span class='ocr_line' id='line_1_30' title="bbox 147 3353 1165 3526; baseline 0.004 -70"><span class='ocrx_word' id='word_1_243' title='bbox 147 3403 201 3456; x_wconf 87' lang='grc' dir='ltr'><strong><em>ΑΒ</em></strong></span> <span class='ocrx_word' id='word_1_244' title='bbox 265 3402 428 3526; x_wconf 51' lang='grc' dir='ltr'><strong><em>ἵέςψυχον</em></strong></span> <span class='ocrx_word' id='word_1_245' title='bbox 445 3404 522 3492; x_wconf 47' lang='lat' dir='ltr'><strong>Alia</strong></span> <span class='ocrx_word' id='word_1_246' title='bbox 590 3409 623 3456; x_wconf 91' lang='grc'><strong><em>16</em></strong></span> <span class='ocrx_word' id='word_1_247' title='bbox 646 3403 696 3457; x_wconf 80' lang='grc' dir='ltr'><strong><em>καί</em></strong></span> <span class='ocrx_word' id='word_1_248' title='bbox 714 3421 768 3459; x_wconf 86' lang='lat' dir='ltr'><strong><em>om.</em></strong></span> <span class='ocrx_word' id='word_1_249' title='bbox 789 3405 815 3457; x_wconf 89' lang='lat' dir='ltr'>A</span> <span class='ocrx_word' id='word_1_250' title='bbox 832 3403 882 3458; x_wconf 77' lang='grc' dir='ltr'><strong><em>καὶ</em></strong></span> <span class='ocrx_word' id='word_1_251' title='bbox 901 3353 953 3459; x_wconf 78' lang='grc' dir='ltr'><strong><em>ἀσα</em></strong></span> <span class='ocrx_word' id='word_1_252' title='bbox 970 3403 1021 3458; x_wconf 79' lang='grc' dir='ltr'><strong><em>καί</em></strong></span> <span class='ocrx_word' id='word_1_253' title='bbox 1037 3405 1165 3476; x_wconf 82' lang='grc' dir='ltr'><strong><em>τολμηρὰ</em></strong></span> 
     </span>
     <span class='ocr_line' id='line_1_31' title="bbox 149 3473 706 3543; baseline 0.002 -17"><span class='ocrx_word' id='word_1_254' title='bbox 149 3473 216 3543; x_wconf 82' lang='grc' dir='ltr'><strong><em>ἔργα</em></strong></span> <span class='ocrx_word' id='word_1_255' title='bbox 240 3491 294 3529; x_wconf 89' lang='lat' dir='ltr'><strong><em>om.</em></strong></span> <span class='ocrx_word' id='word_1_256' title='bbox 343 3491 361 3527; x_wconf 82' lang='grc' dir='ltr'><strong><em>ο</em></strong></span> <span class='ocrx_word' id='word_1_257' title='bbox 432 3479 465 3528; x_wconf 81' lang='grc'><strong><em>17</em></strong></span> <span class='ocrx_word' id='word_1_258' title='bbox 486 3492 567 3541; x_wconf 84' lang='grc' dir='ltr'><strong><em>ετερα</em></strong></span> <span class='ocrx_word' id='word_1_259' title='bbox 585 3489 639 3528; x_wconf 89' lang='lat' dir='ltr'><strong><em>om.</em></strong></span> <span class='ocrx_word' id='word_1_260' title='bbox 658 3473 706 3527; x_wconf 83' lang='grc' dir='ltr'><strong><em>Βο</em></strong></span> 
     </span>
    </p>
   </div>
   <div class='ocr_carea' id='block_1_7' title="bbox 0 0 1274 3884">
    <p class='ocr_par' dir='ltr' id='par_1_14' title="bbox 0 0 1274 3884">
     <span class='ocr_line' id='line_1_32' title="bbox 0 0 1274 3884; baseline 0 2"><span class='ocrx_word' id='word_1_261' title='bbox 0 0 1274 3884; x_wconf 95' lang='lat' dir='ltr'><strong><em> </em></strong></span> 
     </span>
    </p>
   </div>
  </div>
 </body>
</html>
