2496 3878
514 223 674 272 -Ζ-
1058 217 1100 282 21

93 404 190 464 μενος.
228 379 373 464 ἐδήλωσε
398 378 435 447 δὲ
455 382 517 465 την
534 379 723 468 ὑπερβολὴν
742 389 798 465 τῆς
817 389 990 468 συμφορᾶς
1008 379 1139 458 πόλιςὸ

93 485 247 570 ἐπιφανὴς
278 497 345 558 τῶν
380 487 620 572 Οὐολούσκων,
655 483 832 574 Οὐέλιτραι
864 489 971 572 ὄνομα
1007 485 1104 572 αὐτῇ,

93 594 208 677 μεγάλη
227 617 263 658 τε
287 591 342 657 καὶ
364 593 632 675 πολυάνθρωπος
656 587 741 660 οὐσα
762 591 859 677 τέως,
883 588 923 676 ἧς
946 593 964 660 ὁ
988 595 1103 678 λοιμὸς

27 697 163 782 ἰειιμίαν
191 699 385 766 ὑπελείπετο
413 711 534 786 μοῖραν
564 699 600 765 ἐκ
630 710 697 766 τῶν
726 699 822 784 δίκα,
853 701 911 777 τὰς
938 697 969 764 δ’
1001 701 1103 777 άλλας

91 807 264 890 ὑπολαβὼν
283 805 457 890 ἀπήνεγκε.
493 812 710 885 τελευτῶντες
726 801 757 872 δ’
775 801 838 872 οὐν
852 805 926 871 ὅσοι
940 813 1101 889 περιῆσαν
1129 827 1143 868 ο

93 911 206 995 ἕκτης
238 922 413 997 συμφορᾶς
444 913 728 998 πρεσβευσάμενοι
750 909 923 998 Ῥωμαίοις
955 913 1103 997 ἔφρασαν

93 1020 145 1101 την
168 1019 311 1103 ἐρημίαν
333 1016 389 1083 καὶ
411 1018 601 1104 παρέδοσαν
621 1020 683 1103 την
701 1022 810 1087 πόλιν.
848 1021 965 1104 ἔτυχον
988 1013 1026 1082 δὲ
1048 1015 1104 1084 καὶ

93 1128 248 1211 πρότερον
278 1123 432 1201 ἐποίκους
463 1123 499 1190 ἐκ
528 1135 585 1209 τῆς
607 1123 733 1211 Ῥώμης
760 1127 947 1211 εἰληφότες,
975 1119 1033 1209 ἀφ’
1065 1117 1104 1208 ἧς

94 1232 190 1307 αἰτίας
212 1229 270 1295 καὶ
292 1233 330 1296 τὸ
354 1231 511 1317 δεύτερον
536 1234 639 1314 [τούς]
664 1232 870 1318 κληρούχους
891 1227 969 1317 παρ’
992 1231 1103 1296 αὐτῶν

93 1335 197 1420 ᾔτουν.
590 1395 595 1408 ,
692 1419 696 1428 ¹
1117 1357 1143 1396 ιο

151 1442 245 1508 XIII.
284 1446 393 1510 Ταῦτα
416 1455 486 1520 τοῖς
503 1440 674 1528 Ῥωμαίοις
691 1449 840 1529 μαθοῦσι
859 1451 918 1528 τῆς
936 1439 997 1528 μὲν
1021 1459 1103 1526 συμ-

96 1558 192 1634 φοράς
211 1543 322 1626 οἶκτος
339 1545 456 1635 εἰσῄει,
474 1546 530 1614 καὶ
549 1545 651 1614 οὐδὲν
667 1547 773 1637 ᾤοντο
794 1551 866 1615 δεῖν
884 1559 954 1626 τοῖς
968 1546 1103 1634 ἐχθροῖς

96 1653 139 1719 ἐπὶ
161 1657 330 1732 τοιαύταις
351 1656 465 1741 τύχαις
483 1667 710 1740 μνησικακεῖν,
734 1655 778 1733 δις
801 1656 916 1732 ἱκανάς
941 1655 1103 1721 δεδωκόσι

27 1837 28 1842 ¹
94 1774 154 1838 τοῖς
176 1769 272 1838 θεοῖς
294 1757 377 1847 ὑπὲρ
398 1773 492 1847 σφῶν
511 1763 606 1838 δίκας
624 1757 701 1826 ἀνθ’
726 1755 774 1826 ὧν
793 1762 931 1846 ἔμελλον
951 1761 1102 1848 δράσειν·

27 1849 28 1864 ¹
97 1869 268 1954 Οὐελίτρας
301 1865 338 1933 δὲ
353 1868 641 1954 ’παραλαμβάνειν
674 1866 782 1932 ἐδόκει
814 1868 1009 1953 κληρούχων
1029 1867 1103 1933 ,οὐκ
1117 1887 1143 1928 ιε

27 2039 28 2054 ,
95 1973 209 2057 ὀλίγων
233 1973 400 2059 ἀποστολῇ
424 1975 529 2039 πολλά
552 1975 593 2038 τά
616 1970 828 2062 συμφέροντα
852 1971 887 2038 ἐκ
915 1983 976 2040 τοῦ
998 1973 1103 2059 πράγ-

95 2103 187 2162 ματος
210 2077 497 2164 ἐπιλογιζομένοις.
534 2082 572 2144 τό
596 2103 631 2144 τε
650 2080 713 2166 γάρ
731 2083 855 2166 χωρίον
879 2079 994 2146 ίκανὸν
1017 2073 1138 2148 είναι2

96 2183 239 2269 ἐφαίνετο
263 2191 394 2270 φυλακῇ
412 2184 569 2275 άξιόχρερο
588 2181 802 2272 καταληφθὲν
822 2177 872 2262 οἷς
891 2184 933 2250 διν
951 2188 1125 2271 νεωτερί-·

98 2293 155 2368 ζειν
177 2291 197 2375 ἢ
220 2303 415 2378 παρακινεῖν
438 2315 469 2356 τι
491 2289 710 2376 βουλομένοις
738 2283 760 2378 ᾖ
784 2289 867 2376 μέγα
889 2292 1025 2373 κώλυμα
1047 2287 1103 2354 καὶ

47 2395 248 2479 εειεὲμιτύδιον
275 2393 374 2462 εἶναι·
403 2398 424 2480 λλ
447 2395 476 2462 τ’
503 2397 624 2484 ἀπορία
652 2406 709 2480 της
730 2407 855 2483 τροφῆς
877 2397 898 2479 ἡ
921 2393 1102 2481 κατέχουσα
1116 2419 1143 2458 εο

98 2504 150 2586 τὴν
184 2507 283 2569 πόλιν
320 2503 361 2569 οὐ
397 2501 475 2589 παρ’
511 2504 626 2588 ὀλίγον
663 2501 864 2589 μετριωτέρα
901 2504 1103 2586 γενησεσθαι

100 2608 314 2695 ὑπωπτεύετο,
341 2612 373 2674 εί
394 2614 569 2694 μετασταίη
594 2634 643 2686 τις
671 2609 703 2688 ἐξ
728 2608 830 2693 αὐτῆς
851 2608 915 2674 ἀπὸ
939 2619 999 2676 τοῦ
1021 2612 1104 2692 πλή-

99 2720 174 2793 θους
195 2728 295 2801 μοῖρα
318 2713 499 2799 ἀξιόλογος.
536 2716 677 2799 μάλιστα
701 2713 731 2780 δ’
754 2716 775 2798 ἡ
799 2716 912 2794 στάσις
931 2714 1103 2803 ἀναρριπι-

101 2819 222 2907 ζομένη,
248 2820 330 2907 πρὶν
357 2820 378 2905 ἢ
405 2823 596 2889 πεπαῦσθαι
629 2828 738 2899 καλῶς
764 2825 812 2886 ἔτι
839 2823 901 2906 τὴν
927 2819 1104 2908 προτέραν,

101 2925 206 3010 ἐνῆγεν
229 2928 351 3003 αὐτούς
372 2931 575 3013 ψηφίζεσθαι
597 2930 656 2994 τὸν
680 2928 873 2994 ἀπόστολον.
902 2928 1004 2994 πάλιν
1026 2907 1142 3020 μάμζ)5

101 3032 199 3120 ὥσπερ
221 3032 276 3098 καὶ
298 3036 475 3120 πρότερον,
497 3035 516 3100 ὁ
540 3035 645 3118 δῆμος
666 3033 837 3120 ἠρεθίζετο
855 3034 911 3099 καὶ
929 3033 973 3100 δι’
1001 3035 1102 3120 ὁρμῆς

163 3197 177 3242 2
199 3187 325 3258 Οὐέντρα
342 3189 368 3242 Α
398 3188 580 3264 Οὐέντρ<αι>
602 3189 649 3243 Bb
678 3207 762 3260 saepe
853 3189 1029 3258 δάπήνεχκε
1052 3189 1102 3243 κοιλ

99 3263 267 3322 τελευτῶντες
286 3259 314 3314 δ’
336 3257 387 3315 οὐν
405 3261 431 3314 A
459 3267 463 3324 Ι
489 3261 517 3314 δ’
539 3261 592 3316 del.
612 3259 716 3315 Reiske
806 3263 906 3323 9τούς
924 3261 978 3314 del.
997 3259 1102 3314 Reiske

100 3335 128 3382 12
145 3331 191 3384 καὶ
208 3333 241 3386 οὐ
260 3333 321 3385 δεῖν
340 3329 428 3404 ᾤοντο
446 3331 525 3385 ΑΒΟ
544 3331 593 3386 καὶ
612 3331 696 3387 οὐδὲν
716 3329 745 3404 ᾤ.
766 3331 848 3401 Omg.
868 3348 937 3386 corr.
956 3329 1101 3398 Kiessling

101 3405 129 3452 15
146 3401 354 3474 ἀναλαμβάνειν
373 3420 396 3458 c.
416 3403 519 3456 Reiske
592 3407 624 3455 19
643 3395 674 3474 ᾖ]
694 3400 711 3469 ἢ
731 3404 783 3455 ΑΒ
856 3407 889 3454 22
909 3400 1100 3472 μεταστ<αι>η

99 3469 140 3524 Bb
208 3478 242 3526 24
260 3472 386 3542 πρινὴΒ
459 3478 493 3527 25
512 3473 561 3527 τὸν
581 3471 677 3526 στύλον
697 3469 883 3537 0.Kiess1ing
