2484 3876
497 179 658 226 -Ζ-
1043 175 1086 241 97

82 357 144 410 νιος
164 332 200 399 έκ
220 339 347 418 πολλῆς
370 334 554 420 ἐπιμελείας
575 333 631 402 καὶ
652 345 876 422 παρασκευῆς,
898 335 1001 403 πένθ’
1026 337 1088 404 ὅσα

81 441 220 522 τρίττων
243 441 265 525 ἢ
289 440 396 526 λέγων
419 443 438 508 ὁ
461 441 546 529 ἀνὴρ
575 442 658 508 κατὰ
684 451 745 508 τοῦ
772 443 880 527 δήμου
904 443 1088 511 διετέλεσεν

80 549 119 624 είς
133 551 341 633 κατασκευὴν
359 550 559 635 τυραννίδος
577 546 767 635 ἀναφέρων·
791 551 902 614 ἔπειτα
918 547 985 635 μετ’
1005 551 1087 618 ἐκεί-

79 677 130 719 νου
151 655 187 720 οί
208 656 436 720 δυνατώτατοι
458 666 524 721 τῶν
548 655 726 740 δημάρχων
749 655 864 720 είπετν.

131 759 237 824 LXII.
271 756 328 836 Ὡς
359 756 397 825 δὲ
428 757 614 844 παρέλαβεν
647 761 665 826 ὁ
696 760 851 844 Μάρκιος
881 762 941 827 τὸν
973 763 1087 846 λόγου,
1113 789 1127 829 ε

77 863 251 950 ἀρξάμενος
278 865 414 930 ἄνωθεν
441 864 505 933 ἀπὸ
533 874 590 950 τῆς
616 867 747 950 πρώτης
773 866 902 951 ἡλικίας
934 866 1112 964 damn}
1141 881 1174 914 f

77 971 146 1048 ὅσας
164 969 426 1055 ἐστρατευμένος
442 966 487 1055 ἦν
504 965 588 1057 ὑπὲρ
606 980 665 1056 της
681 975 809 1050 πόλεως
827 976 1008 1057 στρατείας,
1030 970 1087 1038 καὶ

75 1077 166 1154 ὅσους
190 1077 336 1162 εἰληφὼς
359 1076 540 1156 ἐπινικίους
561 1078 650 1163 παρὰ
672 1089 740 1144 τῶν
758 1087 950 1164 στρατηγῶν
968 1078 1087 1163 στεφά-

74 1207 146 1260 νους
178 1186 350 1267 πολεμίων
381 1207 416 1250 τε
447 1187 527 1262 τοὺς
557 1181 747 1269 ληφθέντας
772 1185 1000 1270 αἰχμαλώτους
1026 1181 1083 1250 ὑπ’

27 1290 170 1356 145εαύτοῦ
199 1287 256 1356 καλ
282 1295 428 1356 πολιτῶν
454 1293 532 1367 τοὺς
560 1287 786 1368 διασωθέντας
813 1289 850 1357 έυ
877 1301 947 1369 τοῖς
968 1291 1086 1376 ἀγῶσι·
1102 1320 1128 1359 ιο

72 1392 122 1460 καλ
148 1394 227 1483 παρ’
256 1395 396 1463 ἕκαστον
423 1409 489 1463 τῶν
517 1395 706 1482 λεγομένων
733 1397 773 1462 τώ
800 1393 827 1461 τ’
855 1395 1004 1483 ἀριστεῖα
1032 1395 1087 1462 έπ-

71 1504 240 1568 εδείκνντο
262 1499 319 1568 καλ
337 1505 414 1580 τοὺς
432 1505 636 1590 στρατηγοὺς
654 1502 823 1588 μάρτυρας
840 1506 1013 1588 παρείχετο
1032 1499 1087 1567 καὶ

71 1620 134 1674 τῶν
164 1613 314 1674 πολιτῶν
346 1611 424 1684 τοὺς
455 1607 684 1685 διασωθέντας
713 1607 746 1686 έξ
777 1607 939 1692 ὀνόματος
969 1607 1087 1674 ἐκάλει.

72 1715 104 1778 ολ
124 1711 161 1780 δέ
184 1711 358 1800 παρῄεσαν
381 1713 626 1799 ὀλοφυρόμενοι
649 1711 705 1780 καλ
728 1715 881 1798 δεόμενοι
903 1725 971 1780 τῶν
992 1719 1122 1791 πολι-2

71 1829 150 1904 τῶν,
179 1819 224 1904 μη
253 1821 313 1885 τὸν
340 1826 447 1886 αἴτιον
475 1824 570 1904 σφίσι
594 1828 652 1904 της
675 1824 839 1906 σωτηρίας
861 1821 905 1898 ώς
926 1819 1088 1905 πολέμιον
1101 1849 1127 1889 ιο

72 1924 246 2010 ἀπολέσαι,
272 1929 353 2010 μίαν
379 1922 408 1991 τ’
431 1924 505 2016 ἀντὶ
526 1931 661 1992 πολλῶν
683 1928 795 2011 ψυχὴν
818 1928 1009 2012 αίτούμενοι
1031 1925 1088 1993 καλ
1120 1925 1141 2011 λ

71 2034 309 2118 παραδιδόντες
332 2030 469 2110 ἑαυτοὺς
492 2030 562 2122 ἀμπ’
587 2031 716 2098 ἐκείνου
738 2039 896 2118 χρῆσθαι,
919 2033 985 2098 ὅτι
1007 2035 1087 2118 βού-
1128 2032 1139 2100 λ

71 2143 192 2204 λονται.
239 2133 326 2222 ἦσαν
354 2136 384 2203 δ’
412 2139 448 2204 οί
472 2142 608 2216 πλείους
630 2139 741 2205 αὐτῶν
764 2137 800 2204 έκ
822 2149 883 2206 τοῦ
906 2141 1087 2223 δημοτικοῦ

71 2242 186 2326 μένους
208 2242 266 2309 καλ
288 2245 396 2310 πολλὰ
418 2254 463 2333 τῶ
487 2253 589 2332 κοινῷ
613 2245 782 2331 χρήσιμοι·
807 2239 855 2309 ών
871 2245 930 2320 τώς
947 2240 975 2308 τ’
995 2245 1088 2322 ὄψεις

71 2349 121 2416 καλ
152 2352 214 2428 τὰς
245 2350 374 2433 δεήσεις
401 2348 444 2415 δι’
472 2351 633 2437 αἰσχύνης
660 2352 678 2418 ὁ
708 2352 812 2436 δῆμος
836 2349 1017 2433 λαμβάνων
1039 2351 1087 2426 είς
1100 2377 1127 2416 νο

73 2464 199 2536 οἴκτους
228 2454 283 2522 καὶ
311 2457 439 2543 δώιρνα
462 2456 627 2542 ἐτράπετο.
673 2457 718 2534 ὡς
741 2453 779 2522 δέ
801 2455 856 2521 καλ
878 2457 940 2540 την
963 2454 1121 2539 έσθηταὸ
1156 2479 1166 2547 ²,

72 2563 261 2648 δΜολρκιος
282 2561 563 2650 περιρρηξάμενος
585 2562 773 2641 ἐπεδείξατο
794 2563 833 2627 τὰ
852 2559 971 2648 στέρνα
988 2585 1087 2648 τραυ-
1159 2554 1164 2621 ἶ

73 2671 179 2752 μάτων
212 2671 314 2754 μεστὰ
343 2667 399 2736 καλ
426 2678 494 2734 πᾶν
523 2671 587 2751 [τὸ]
616 2669 698 2735 ἄλλο
726 2667 824 2754 μέρος
850 2679 910 2734 τοῦ
937 2668 1087 2754 σώματος

73 2774 244 2842 ἀνάπλεων
271 2785 339 2840 τῶν
365 2776 519 2859 πληγῶν,
550 2771 606 2840 καὶ
634 2774 793 2858 ἐπύθετο,
825 2776 857 2838 εί
882 2785 949 2840 τῶν
976 2775 1087 2841 αὐτῶν

31 2879 260 2969 ιιοελνθρώπωυ
290 2883 371 2966 ἔργα
399 2875 485 2945 ελναι
514 2883 687 2965 νομίζουσι
718 2882 833 2959 σώζειν
862 2876 924 2964 μέν
954 2880 990 2947 έκ
1020 2893 1086 2947 τῶν
1101 2907 1127 2948 ει

73 2987 221 3072 πολέμων
249 2990 327 3063 τοὺς
354 2989 504 3070 πολίτας,
534 2986 719 3052 ἀπολλύναι
747 2983 784 3051 δὲ
810 2989 889 3063 τοὺς
917 2985 1088 3063 σωθέντας

75 3091 104 3156 έν
131 3096 263 3180 εἰρήνη·
294 3089 349 3158 καλ
376 3095 408 3157 εί
427 3094 611 3179 τυραννίδα
635 3095 955 3177 κατασκευαζόμενός
978 3117 1027 3168 τις
1049 3094 1086 3157 τὸ

75 3199 249 3286 δημοτικὸν
277 3198 409 3265 ἐλαύνει
437 3195 535 3284 μέρος
563 3197 599 3264 ἐκ
626 3202 768 3282 πόλεως,
799 3193 857 3284 ὑφ’
884 3193 925 3263 οὗ
953 3192 1082 3281 μάλιστ’

140 3433 172 3481 13
193 3423 338 3488 σωθέντας
356 3426 379 3478 Β
452 3432 485 3480 23
505 3424 536 3478 τὸ
557 3423 611 3478 del.
629 3423 733 3478 Reiske
805 3427 839 3476 27
858 3442 900 3482 τις
918 3436 972 3474 om.
991 3422 1016 3473 Β

122 3526 221 3566 mom.
235 3526 300 3565 Eu».
314 3524 360 3565 IIL
382 3535 422 3564 τε.
435 3524 538 3564 mont.
910 3512 926 3560 7
