2484 3876
467 177 633 226 ,Η-

78 337 272 420 θομούμενον,
292 337 337 413 ὡς
354 338 395 403 οὐ
413 333 571 421 μένουσιν
586 335 640 402 ἐπὶ
653 349 722 414 τοῖς
739 336 851 414 αὐτοῖς
865 336 1055 423 πράγμασιν
1118 411 1123 433 ¹
1151 429 1155 437 Δ
1175 424 1178 433 Ι

78 442 104 504 τί
118 452 173 506 τῶν
193 440 384 526 ἀνθρώπων
406 444 509 529 τύχαι.
555 445 686 510 Δύναιο
715 439 746 508 δ’
772 445 831 528 ἀν,
859 447 940 529 ἔφη,
961 440 1090 512 τοῦτ’6
1118 429 1153 494 ”’·
1195 477 1196 484 1

77 548 99 625 ἐξ
117 549 204 614 αὐτοῦ
222 550 365 633 μάλιστα
384 557 506 635 μαθεῖν
524 550 617 636 ἐμοῦ,
640 550 678 628 ὃς
696 549 732 616 ἐν
750 559 789 636 τῇ
808 555 943 639 μεγίστῃ
962 554 1056 618 πόλει

77 654 214 738 κράτιστός
244 655 320 722 ποτ’
351 651 436 722 εἶναι
468 668 536 723 τῶν
566 659 676 723 ἀλλων
704 659 815 723 δοκῶν
841 666 905 722 νῦν
937 659 1057 744 ἔρημος

77 758 112 824 κύ
133 762 242 840 ἀπολις
269 759 327 828 καὶ
355 765 506 842 ταπεινὸς
536 761 731 850 ἐρριμμένος
761 773 860 830 τοῦτο
891 765 1057 848 πείσομαι,
1084 787 1097 828 ε

80 865 129 930 δτι
151 866 190 933 ἀν
216 869 331 957 ἐχθρῷ
360 871 432 936 ὄντι
464 887 517 935 σοι
545 871 637 956 δοκῇ.
686 869 910 956 ὑπισχνοῦμαι
940 867 978 934 δέ
1004 886 1058 936 σοι

83 968 174 1037 ιωιῦτ’
199 973 316 1058 ἀγαθὰ
338 979 489 1061 ποιήσειν
514 977 748 1054 Οὐολούσκους
774 979 871 1062 φίλος
895 983 940 1064 τῷ
965 977 1059 1041 ἔθνει

87 1081 231 1164 γενόμενος,
256 1081 321 1147 ὅσα
343 1084 426 1148 κακδι
450 1083 652 1168 εἰργασάμην
672 1083 793 1169 ἐχθρὸς
816 1083 872 1148 ὤν.
917 1083 950 1146 εί
971 1081 1058 1148 δέτι

83 1183 131 1249 ίλλο
149 1189 324 1268 γινώσκεις
347 1186 423 1275 περὶ
446 1187 538 1274 ἐμοῦ,
561 1198 679 1276 χρήσαι
702 1199 740 1276 τῇ
760 1189 841 1274 ὀργή
859 1197 1058 1274 παραχρῆμα

80 1287 113 1352 καί
133 1293 279 1360 θάνατον
307 1295 444 1380 χάρισαί
468 1319 524 1380 μοι
552 1299 610 1362 τὸν
637 1298 791 1382 τάχιστον
813 1294 1001 1382 αὐτοχειρίᾳ
1023 1319 1057 1361 τε
1073 1319 1099 1360 ιο

78 1393 112 1458 κά
124 1395 169 1462 ἐπὶ
184 1410 243 1484 τῆς
263 1399 375 1479 ἑστίας
392 1411 450 1486 τής
468 1411 609 1468 σεαυτοῦ
627 1402 845 1488 καθιερεύσας
861 1403 921 1468 τὸν
941 1400 1058 1485 ἱκέτην.

49 1513 79 1562 ιω
122 1502 156 1567 ΙΙ.
189 1505 262 1573 Ἔτι
295 1505 326 1574 δ’
360 1509 463 1574 αὐτοῦ
496 1519 597 1574 ταῦτα
629 1507 784 1592 λέγοντος
815 1507 967 1592 ἐμβαλὼν
998 1507 1060 1589 τήν

79 1605 198 1683 ὐῑξιίνὸ
227 1615 358 1691 Τύλλος
383 1613 438 1680 καὶ
467 1613 531 1680 ἀπὸ
559 1624 616 1698 τῆς
638 1611 746 1692 ἑστίας
768 1613 955 1698 ἀναστήσας
976 1620 1060 1698 θαρ-

79 1724 126 1794 ρεῖν
148 1716 172 1781 τ’
198 1719 305 1786 αὐτὸν
328 1718 515 1804 ἐκέλευσεν,
542 1721 587 1798 ὡς
609 1716 712 1804 μηδὲν
735 1719 871 1798 ἀνάξιον
893 1729 951 1804 τής
973 1722 1060 1797 ίδίας

79 1815 163 1906 ἀρετῆς
193 1830 396 1912 πεισόμενον
423 1824 478 1893 καὶ
505 1829 628 1905 πολλὰς
655 1826 743 1915 αὐτῷ
774 1827 907 1913 χάριτας
935 1825 1060 1892 είδέναι
1074 1849 1100 1892 ιε

79 1933 116 2005 τῆς
132 1933 205 2014 πρὸς
228 1931 350 2000 ἑαυτὸν
374 1932 515 2018 ἀφίξεως
544 1936 623 2018 ἔφη,
650 1936 747 2018 τιμήν
774 1957 848 1998 τινα
876 1933 917 1999 οὐ
940 1933 1060 2018 μικρὰν

81 2025 204 2103 εἶναικαὶ
222 2041 349 2122 ταύτην
368 2039 649 2124 ἀποφαινόμενος·
674 2039 907 2116 Οὐολούσκους
925 2037 951 2104 τ’
971 2039 1059 2125 αὐτῷ

80 2137 171 2220 πάντας
192 2145 384 2231 ὑπισχνεῖτο
408 2149 559 2229 ποιήσειν
581 2149 700 2231 φίλους
722 2144 904 2231 ἀρξάμενος
922 2143 986 2210 ἀπὸ
1005 2153 1061 2226 τής

84 2236 171 2312 ἑαυτοῦ
191 2254 364 2338 πατρίδος·
390 2251 444 2318 καὶ
468 2251 627 2336 οὐδεμίαν
651 2251 811 2330 ἐψεύσατο
834 2261 900 2315 τῶν
923 2246 1062 2334 ὑποσχέ-

85 2362 153 2416 σέων·
193 2363 319 2445 χρόνον
350 2358 389 2424 δέ
416 2382 507 2436 τινος
533 2358 575 2423 οὐ
603 2364 729 2425 πολλοῦ
759 2359 953 2433 διελθόντος
981 2343 1102 2457 βου-220

84 2454 240 2543 ίὲννμένοις
267 2478 338 2542 τοῖς
365 2465 507 2551 ἀνδράσι
533 2465 614 2529 κατδι
644 2474 742 2548 σφᾶς,
771 2465 914 2551 Μαρκίφ
943 2485 978 2527 τε
1006 2459 1062 2526 καὶ

85 2560 183 2656 Τύλλῳ,
203 2582 313 2637 κινεῖν
332 2570 440 2637 ἐδόκει
458 2573 516 2636 τὸν
534 2573 688 2655 πόλεμον.
734 2571 752 2636 ὁ
772 2565 833 2654 μὲν
851 2563 913 2635 οὖν
936 2569 1063 2645 Τύλλος

84 2664 170 2738 αὐτίκα
187 2679 275 2760 μάλα
295 2677 449 2761 ἐβούλετο
468 2671 577 2742 πᾶσαν
595 2678 657 2760 τήν
677 2675 899 2742 Οὐολούσκων
918 2677 1062 2760 δύναμιν

84 2785 253 2866 ῖνρνλαβὼν
277 2782 329 2850 ἐπὶ
359 2784 420 2867 τήν
443 2781 569 2868 Ῥώμην
592 2795 727 2870 χωρεῖν,
753 2782 816 2860 ἕως
839 2782 1009 2863 ἐστασίαζέ
1027 2807 1062 2848 τε

133 3001 324 3080 δέρριμμένος
350 3018 431 3064 τοῦτο
457 3009 661 3080 πεισόμενοςΟ
691 3005 854 3080 ἐρριμμένος
880 3030 903 3064 τ.
930 3012 1063 3079 πείσομαι

88 3066 328 3135 θύΤοιιούοίῖίοοο
356 3084 385 3136 οὐ
406 3081 514 3149 Kayser
535 3081 605 3134 Ann
625 3080 694 3150 phil.
717 3086 784 3136 1868
811 3098 838 3149 p.
853 3087 904 3136 810
933 3080 1063 3151 ἔρριμμαι

86 3147 143 3197 meto
158 3152 234 3206 πεισό
236 3169 359 3222 μ.ενοςο
379 3151 522 3220 Kieseling
602 3152 758 3206 6δοκειΑ
839 3146 905 3205 11‘
891 3159 992 3206 εαυτοῦ
1011 3151 1063 3202 ΑΒ

89 3222 261 3278 νειοτοοῡολ
279 3222 409 3278 Ηειλλείιι
426 3223 625 3304 HermesXp.
640 3229 692 3277 417
767 3230 798 3277 13
817 3225 876 3292 θαρ
878 3221 956 3276 εῖνΒ
1029 3227 1063 3274 16

88 3280 150 3340 αὐτον
165 3290 185 3343 Β
266 3302 297 3349 17
317 3297 383 3363 pose
401 3293 450 3348 καὶ
469 3293 584 3362 aliquod
601 3293 769 3350 vocabulum
787 3296 820 3347 ut
838 3244 998 3361 εὐεργεσίαν
1018 3290 1063 3344 vel

87 3349 126 3406 tale
141 3364 200 3426 quid
218 3365 395 3420 intercidisse
414 3365 600 3435 Kieeelingius
619 3369 715 3420 censet
786 3371 820 3418 20
838 3366 941 3417 πολλοῦ
960 3362 1009 3416 καλ
1027 3361 1062 3430 δή

90 3433 248 3499 παρελθόντος
265 3437 291 3490 A
