2496 3878
152 255 195 318 τε
575 256 739 304 —z-
856 216 909 238 ”

151 413 218 503 εἶχε
236 417 314 493 τοὺς
332 417 535 502 πατρικίους,
554 416 675 480 πολλοί
689 437 724 478 τε
742 410 797 480 καί
815 409 951 498 χαλεποί
965 408 1035 478 κατ’
1055 412 1166 478 αὐτῶν

151 523 303 609 ἐγίνοντο
331 525 425 605 λόγοι
452 529 521 586 τῶν
547 517 607 605 μεν
640 519 820 606 ὀλιγωρίαν
853 517 1083 601 ἐγκαλούντων
1109 516 1167 583 καὶ

152 627 333 718 ῥαθυμίαν,
357 628 407 693 ὅτι
428 628 489 693 οὐκ
508 626 544 692 ἐκ
562 631 689 692 πολλοῦ
707 613 902 712 προείδοντο
921 627 983 709 τήν
1002 623 1167 709 ἐσομένην

150 745 211 802 τοῦ
239 739 332 801 σίτου
361 735 483 800 σπάνιν
509 731 566 799 καὶ
594 731 914 820 προύμηχανήσαντο
937 731 977 796 τά
999 734 1082 818 πρὸς
1104 733 1167 816 τήν

124 843 328 928 εσυμφοράν
352 841 547 925 ἀλεξήματα,
569 850 636 905 τῶν
660 837 691 904 δ’
719 839 751 917 ἐξ
776 838 953 922 ἐπιβουλῆς
973 832 1030 902 ὑπ’
1055 838 1166 904 αὐτῶν

151 943 325 1030 γεγονέναι
348 948 452 1032 <τήν>
473 948 640 1012 σιτοδείαν
659 946 915 1030 ἀποφαινόντων
940 941 984 1008 δι’
1007 944 1111 1031 ὀργήν
1129 968 1165 1010 τε

149 1049 206 1117 καὶ
233 1051 416 1137 ἐπιθυμίαν
443 1062 503 1118 τοῦ
529 1063 675 1117 κακῶσαι
702 1054 739 1118 τὸ
770 1053 950 1136 δημοτικὸν
981 1050 1165 1135 ἀναμνήσει

93 1165 208 1243 Ι4τής
231 1157 448 1236 ἀποστάσεως.
486 1160 542 1224 διά
565 1159 684 1236 ταύτας
706 1154 768 1242 μὲν
792 1160 833 1242 δή
857 1159 915 1234 τάς
933 1157 1075 1241 αίτίαςή
1097 1168 1165 1223 τῶν

150 1267 345 1351 κληρούχων
366 1265 532 1349 ἀποστολή
551 1277 663 1350 ταχεῖα
682 1264 808 1348 ἐγίνετο
826 1250 929 1350 τριῶν
948 1261 1166 1350 ἀποδειχθέν-

111 1395 137 1434 10
150 1394 218 1437 των
245 1369 380 1454 ἀνδρῶν
408 1372 554 1454 ὑπὸτῆς
576 1375 700 1454 βουλῆς
722 1370 903 1454 ἡγεμόνων.
940 1378 985 1459 τῳ
1010 1372 1103 1459 δήμῳ
1126 1367 1166 1436 δέ

148 1474 217 1542 κατ’
241 1477 343 1564 ἀρχάς
366 1473 428 1562 μέν
450 1473 493 1562 ήυ
512 1475 644 1565 ἀσμένῳ
663 1479 741 1554 τοὺς
762 1478 969 1563 κληρούχους
988 1477 1166 1562 διαλαγχά-

148 1607 222 1649 νειν
249 1585 294 1662 ὡς
320 1589 420 1669 λιμοῦ
443 1580 470 1647 τ’
499 1581 837 1673 ἀπαλλαχθησομένῳ
856 1580 911 1648 καὶ
938 1583 1049 1668 χώραν
1072 1583 1243 1666 oluff-1343

149 1708 243 1756 σοντι
266 1690 460 1775 εὐδαίμονα·
489 1687 587 1755 ἔπειτ’
616 1687 857 1779 ἐνθυμουμένῳ
883 1692 944 1755 τὸν
966 1690 1097 1775 λοιμόν,
1127 1688 1166 1767 ὃς

31 1810 43 1838 s
82 1853 84 1858 .
142 1795 186 1860 ’ἐν
208 1805 247 1882 τῇ
270 1797 436 1882 μελλούση
460 1795 561 1862 αὐτὸν
584 1795 807 1882 ὑποδέχεσθαι
829 1798 924 1861 πόλει
941 1798 1046 1873 πολὺς
1067 1799 1166 1880 γενό»

108 1923 133 1964 15
148 1926 247 1987 μενος
269 1902 347 1980 τούς
369 1899 397 1967 τ’
423 1898 600 1989 οίκήτορας
621 1903 818 1989 διεφθάρκει
840 1901 895 1967 καί
918 1899 994 1979 δέος
1016 1913 1164 1988 παρεῖχε,

147 2011 192 2093 μή
224 2007 279 2074 καὶ
311 2011 389 2086 τοὺς
421 2008 574 2085 ἐποίκους
604 2008 725 2074 ταύτὸν
758 2007 949 2094 ἐργάσηται,
981 2012 1163 2093 μεθίστατο
1242 2047 1243 2072 τ

146 2115 228 2180 κατά
256 2117 376 2201 μικρὸν
402 2117 449 2192 είς
475 2114 633 2181 τάναντία
660 2115 680 2199 ἡ
709 2116 841 2199 γνώμη,
871 2111 946 2180 ὥστ’
974 2115 1015 2180 ού
1043 2119 1168 2181 πολλοί
1242 2101 1243 2178 J

145 2245 234 2298 τινες
260 2221 432 2306 ἐφάνησαν
460 2222 496 2287 οί
520 2220 666 2307 μετέχειν
696 2225 897 2306 βουλόμενοι
918 2230 976 2305 τῆς
998 2221 1163 2306 ἀποικίας,
1242 2251 1243 2304 ι

146 2327 230 2413 ἀλλά
252 2330 338 2394 πολὺ
359 2327 516 2420 ἐλάττους
531 2321 624 2412 ,ὧνή
648 2331 753 2413 βουλή
774 2328 970 2413 ἐψηφίσατο,
991 2323 1163 2397 καὶοῦτοι
1242 2345 1243 2366 ¹

106 2455 132 2495 20
147 2433 177 2499 δ’
198 2437 262 2519 ήδη
287 2445 382 2519 σφῶν
401 2434 511 2500 αὐτῶν
529 2436 776 2518 κατεγνώκεσαν
795 2435 839 2511 ὡς
857 2446 963 2512 κακῶς
980 2438 1162 2519 βεβουλευ-
1242 2455 1243 2492 ῑ

111 2539 256 2624 5μένων
279 2537 335 2604 καὶ
352 2539 580 2605 ὑπανεδύοντο
599 2541 659 2623 τήν
678 2539 802 2618 ἔξοδον.
835 2541 1027 2626 κατελήφθη
1046 2539 1163 2626 μέντοι

144 2653 242 2710 τοῦτο
265 2647 303 2710 τὸ
326 2643 501 2730 μέροςκαὶ
524 2649 561 2711 τὸ
584 2647 665 2711 ἀλλο
688 2649 726 2712 τὸ
750 2648 793 2730 μή
822 2643 979 2724 ἑκουσίως
1002 2651 1163 2733 συναιρό-

145 2773 247 2834 μενον
270 2758 327 2833 τής
346 2748 464 2828 ἐξόδου
483 2749 713 2836 ψηφισαμένης
730 2760 788 2836 τῆς
806 2757 929 2837 βουλῆς
947 2751 981 2832 ἐξ
1003 2752 1162 2820 ἀπάντων

36 3031 38 3034 .
216 2976 377 3068 λέγίνοντο
395 2969 567 3047 Βέγένοντο
585 2977 610 3030 R
629 2971 756 3048 ἐλέγοντο
775 2997 798 3035 ο.
819 2980 940 3050 Sylburg
1021 2980 1164 3052 4*προ-
1242 3021 1243 3034 2

146 3048 400 3118 εμηχανησαντοΟ
480 3049 566 3118 ότὴν
585 3049 649 3104 add.
668 3049 812 3120 Kiessling
888 3050 1068 3119 8ἡεει1ἀ.Β
1143 3060 1161 3108 9
1242 3059 1243 3114 ζ

144 3113 254 3188 ἐγένετο
273 3137 296 3175 ο.
316 3118 461 3189 Kiessling
575 3125 609 3172 10
628 3115 722 3176 ἐδόκει
739 3131 776 3176 τῶ
796 3121 874 3191 δήμω
894 3121 925 3176 δὲ
945 3123 1087 3192 καταρχὰς
1105 3123 1162 3193 μὲν

143 3187 254 3260 ἀσμένα
272 3191 298 3244 Δ
321 3199 359 3244 τῶ
378 3189 455 3260 δήμω
475 3190 507 3246 δὲ
526 3191 667 3260 καταρχὰς
685 3192 736 3262 μὲν
754 3187 790 3261 ἦν
809 3191 961 3262 ἀσμένωΒ
1036 3202 1070 3248 14
1087 3195 1163 3249 ύπο-
1242 3191 1243 3220 ³

143 3259 280 3331 δέχεσθαι
297 3264 378 3316 πόλει
395 3261 546 3332 γενόμενος
563 3263 648 3330 vulgo
667 3263 692 3317 ὑ.
711 3265 798 3325 πολύς
816 3284 840 3332 γ.
855 3264 908 3317 AB
927 3265 953 3319 ό.
972 3263 1053 3318 πόλει
1071 3266 1163 3326 πολύς
1242 3305 1243 3324 τ

142 3351 168 3400 γ.
188 3348 210 3386 ο.
229 3328 375 3401 Kiessling
448 3339 480 3388 16
500 3328 632 3395 ἐποίκους
649 3333 726 3388 ΑΒε
744 3335 881 3396 ἀποίκους
899 3334 946 3388 Bb
963 3339 967 3402 Ι
984 3335 1030 3389 *τὸ
1049 3335 1117 3390 αύτὸ
1133 3334 1160 3389 O
1242 3363 1243 3396 1

142 3408 176 3455 21
196 3401 363 3474 κατελήφθη
382 3404 405 3457 Β
423 3407 597 3473 κατελείφθη
616 3405 641 3458 R
704 3412 738 3460 w
752 3405 768 3438 *
778 3404 1011 3475 σνναράμευονΟ
1031 3426 1066 3476 αρ
1086 3422 1161 3460 corr.
1242 3437 1243 3440 =

143 3488 177 3526 ex
195 3493 244 3543 αιρ
263 3475 295 3527 ut
312 3474 425 3529 videtur
442 3475 465 3529 B
485 3478 688 3547 συναιρόμενον
707 3493 760 3546 ego
