2496 3878
129 249 150 313 ε
555 249 718 296 ..z-

129 415 257 477 πολλοῦ
290 406 479 474 διετέλεσαν
511 405 575 472 άπὸ
603 417 670 471 τῶν
699 403 871 488 στομάτων
898 402 1149 490 ἀναχωροῦντες

93 514 184 584 4ἐπλ
211 516 269 592 τὰς
295 513 410 598 πηγάς.
456 522 555 578 τοῦτο
583 513 831 595 καταμαθόντες
853 509 889 575 οί
909 512 1057 594 Κυμαῖοι
1080 505 1144 573 τότ’
1153 527 1220 577 1318

132 622 323 709 ἐθάρρησαν
353 620 453 704 ὁμόσε
481 629 550 696 τοῖς
577 617 758 703 βαρβάροις
782 628 904 702 χωρεῖν
927 616 972 693 ὡς
994 626 1054 682 τοῦ
1078 617 1150 681 δαι-

132 731 252 813 μονίου
271 727 408 791 ταπεινά
427 721 489 810 μὲν
507 723 667 790 τάκείνων
684 722 829 808 μετέωρα
843 721 1020 807 θήσοντος,
1038 723 1150 806 ὑψηλά

104 831 169 899 εδδ
192 834 232 898 τά
255 835 420 899 δοκοῦντα
441 827 528 896 εἶναι
547 841 644 916 σφῶν
661 830 807 896 ταπεινά.
844 833 1015 914 νείμαντες
1033 825 1072 894 δέ
1089 830 1150 914 τὴν

132 939 169 1005 ἐν
196 938 282 1024 ἀκμῇ
311 939 455 1022 δύναμιν
484 939 615 1003 άπασαν
643 945 754 1023 τριχῇ,
786 945 846 1023 μιᾷ
873 932 935 1020 μὲν
962 937 1025 1020 τὴν
1051 938 1150 1001 πόλιν

132 1044 334 1130 ἐφρούρουν,
356 1053 396 1129 τη
420 1038 450 1108 δ’
474 1041 568 1131 ἑτέρα
590 1044 647 1120 τάς
670 1051 752 1119 ναῦς
774 1037 865 1128 εἶχον
888 1041 925 1106 ἐν
943 1046 1088 1127 φυλακῇ,
1110 1050 1149 1127 τῇ

132 1147 170 1215 δέ
192 1153 285 1235 τρίτῃ
308 1153 372 1236 πρὸ
394 1160 454 1216 τοῦ
473 1152 603 1236 τείχους
620 1148 796 1233 ταξάμενοι
814 1151 892 1225 τοὺς
910 1147 1063 1225 ἐπιόντας
1081 1145 1151 1212 ἐδέ-

132 1279 240 1340 χοντο.
286 1257 414 1322 τούτων
443 1257 552 1333 ίππείς
579 1253 640 1340 μὲν
667 1250 754 1338 ἦσαν
783 1253 964 1338 ἑξακόσιοι,
995 1251 1087 1333 πεζοὶ
1114 1249 1151 1318 δδ

92 1388 119 1427 10
132 1367 385 1448 τετρακισχίλιοι
413 1361 468 1428 καὶ
495 1356 719 1428 πεντακόσιόι·
756 1359 812 1428 καὶ
840 1361 946 1440 οὕτως
973 1362 1067 1437 ὄντες
1092 1361 1151 1425 τὸν

133 1468 279 1555 ἀριθμὸν
303 1469 411 1553 ὀλίγοι
433 1470 490 1546 τδις
512 1470 673 1547 τοσαύτας
695 1467 884 1551 ὑπέστησαν
907 1466 1079 1553 μυριάδας.

199 1573 274 1638 IIII.
293 1572 350 1652 Ὡς
369 1572 406 1641 δέ
424 1574 614 1660 κατέμαθον
628 1574 749 1652 αὐτούς
763 1576 798 1639 οί
809 1574 972 1659 βάρβαροι
986 1574 1153 1658 μάχεσθαι

132 1679 477 1766 παρεσκευασμένους,
512 1679 733 1759 ἀλαλάξαντες
770 1679 918 1766 ἐχώρουν
955 1680 1056 1764 ὁμόσε
1092 1682 1151 1746 τὸν

133 1785 303 1872 βάρβαρον
336 1789 461 1874 τρόπον
494 1788 575 1853 άυευ
606 1789 734 1871 κόσμου
766 1789 859 1865 πεζοί
888 1809 922 1851 τε
955 1783 1012 1850 καὶ
1044 1786 1153 1863 ίππεῑς

57 1933 59 1938 -
94 1909 122 1958 ιε’
133 1889 251 1975 ἀναμὶξ
276 1892 321 1968 ὡς
343 1893 489 1970 ἅπαντας
511 1892 789 1979 ἀναρπασόμενοι.
825 1887 868 1975 ἦν
891 1888 929 1957 δέ
951 1893 988 1957 τὸ
1011 1882 1152 1977 πρὸτῆς

133 1999 260 2073 πόλεως
278 2000 415 2081 χωρίον,
438 1998 475 2063 ἐν
494 1991 520 2086 ᾧ
541 1997 743 2082 συνέμισγον
760 1996 927 2081 ἀλληλοις,
949 1997 1061 2063 αὐλὼν
1080 2015 1152 2063 στε-

134 2104 193 2179 νὸς
223 2105 314 2188 όρεσι
342 2101 396 2168 καὶ
424 2108 556 2187 λίμναις
582 2106 864 2187 περικλειόμενος,
896 2111 935 2188 τῇ
964 2099 1025 2187 μὲν
1052 2101 1151 2189 ἀρετῇ

133 2220 201 2275 τῶν
220 2211 383 2293 Κυμαίων
407 2210 589 2295 σύμμαχος,
612 2219 657 2297 τῷ
682 2206 719 2274 δέ
741 2212 863 2292 πλάθει
886 2219 954 2275 τῶν
972 2209 1152 2294 βαρβάρων

98 2316 297 2400 2πολέμιος.
343 2313 605 2402 ἀνατρεπόμενοι
632 2318 695 2401 γάρ
723 2314 779 2380 ὑπ’
807 2314 961 2399 ἀλλήλων
988 2313 1043 2380 καὶ
1069 2331 1152 2400 συμ

95 2447 121 2488 εο
134 2423 336 2505 πατούμενοι
358 2427 506 2508 πολλαχῇ
530 2419 592 2507 μέυ
610 2420 665 2487 καὶ
684 2423 779 2509 άλλη,
801 2422 942 2505 μάλιστα
962 2418 1000 2487 δέ
1018 2418 1093 2507 περὶ
1112 2422 1154 2486 τά

133 2527 275 2611 τέλματα
302 2536 359 2610 τῆς
385 2531 517 2611 λίμνης,
546 2524 619 2594 οὐδ’
644 2529 692 2605 είς
713 2539 825 2612 χεῖρας
849 2526 1004 2603 ἐλθόντες
1025 2535 1065 2612 τῇ
1088 2527 1244 2612 goni-1319

133 2636 231 2715 λαγγι
250 2643 317 2696 τῶν
327 2629 496 2716 Ἑλλήνων
515 2630 610 2699 αὐτοὶ
624 2630 668 2698 δι’
687 2632 798 2698 αὑτῶν
812 2632 848 2696 οί
857 2635 992 2710 πλείους
1010 2633 1154 2718 διεφθά-

134 2754 254 2822 ρησαν·
282 2735 337 2802 καὶ
360 2738 378 2804 ὁ
402 2735 464 2821 μέν
490 2741 585 2818 πεζὸς
612 2739 722 2804 αὐτῶν
749 2740 886 2824 στρατὸς
909 2739 927 2804 δ
949 2742 1054 2816 πολὺς
1075 2737 1154 2824 περὶ

135 2841 240 2931 ἑαυτῷ
261 2844 408 2928 σφαλείς,
427 2846 527 2928 ἐργον
544 2841 582 2910 δέ
595 2855 753 2928 γενναίου
768 2841 869 2910 οὐδὲν
883 2843 1155 2930 ἀποδειξάμενος,

95 2975 123 3016 ει
136 2951 236 3026 άλλος
258 2951 342 3036 άλλη
366 2949 619 3028 διασκεδασθεὶς
643 2953 778 3036 ἔφυγεν·
803 2951 838 3016 οί
853 2944 884 3015 δ’
906 2951 1013 3028 ίππεϊς
1031 2956 1155 3034 συνῆλ-

134 3062 201 3122 θον
220 3052 280 3140 μὲν
300 3055 400 3140 ὁμόσε
419 3055 475 3121 καλ
493 3060 601 3124 πολὺν
620 3054 858 3141 τοῑςἝλλησιν
877 3051 971 3122 οὗτοι
985 3055 1155 3142 παρέσχον

207 3218 221 3265 1
242 3214 361 3282 στομίων
381 3212 404 3267 Ο
423 3216 535 3283 praeter
552 3213 576 3266 B
630 3219 646 3266 3
663 3212 749 3284 όμόσε
768 3212 815 3266 Bb
834 3230 904 3269 corr.
924 3229 959 3267 ex
978 3211 1078 3282 ὁμόσεν
1096 3213 1155 3268 hoc

130 3283 197 3337 1000
217 3283 336 3351 aliisque
391 3288 407 3336 ὅ
427 3281 501 3338 εἶναι
518 3284 581 3339 τότε
600 3293 679 3354 σφῶν
697 3285 721 3337 Β
775 3289 809 3337 15
828 3282 1020 3353 ἁρπασόμενοι
1039 3283 1061 3337 O
1081 3300 1155 3341 cort.

134 3353 237 3412 Reiske
306 3360 339 3408 18
358 3353 534 3428 <Κυ>μαίων
553 3355 600 3409 Bb
667 3361 701 3410 23
726 3355 859 3411 αύτῶνΒ
927 3361 962 3408 24
985 3355 1070 3416 αὐτὸς
1086 3355 1158 3424 περὶ

135 3419 225 3496 ἐαυτῷ
245 3441 267 3479 ο.
284 3424 426 3495 Κίεειλίως
442 3431 446 3495 Ι
464 3424 545 3498 ἔργον
564 3426 595 3482 δὲ
615 3425 700 3482 οὐδὲν
718 3431 851 3496 γενναίου
871 3427 894 3480 Ο
912 3425 1062 3496 praeterB
1118 3430 1156 3479 25

136 3492 255 3565 ἔφευγεν
274 3496 297 3550 0
315 3500 430 3567 praeter
447 3497 472 3550 A
