2484 3876
175 133 217 199 ιε
395 91 399 99 ’
599 138 764 187 -z-

174 307 295 383 χωρεῖν
314 296 402 384 αὐτῷ
421 295 495 381 μήτ’
517 295 714 381 ἐπιτρέπειν,
740 289 813 361 ἀλλ’
830 294 1059 380 ἀντιπράττειν
1078 297 1185 378 λόγοις
1219 285 1220 341 ἶ

173 401 287 468 τεκαὶ
315 405 424 487 ἔργοις
449 401 504 469 καὶ
535 403 620 488 ὁμοῦ
641 402 767 479 πάντας
788 400 845 467 καὶ
867 401 927 468 ἕνα
949 401 1087 467 ἕκαστον
1112 402 1183 487 ίδία.
1219 393 1220 469 ι

138 510 215 576 6.οὐ
238 510 313 596 γάρ,
335 508 378 574 ἀν
401 508 484 587 άπαξ
504 507 632 594 ἀμάρτη
658 532 707 585 τις
725 506 784 573 εἴτ’
807 505 989 592 ἀπατηθείς
1007 503 1065 572 είτ’
1090 492 1185 589 ἀναγ-

172 618 320 697 πασθείς,
337 612 393 679 καὶ
411 613 450 678 τά
470 615 568 678 λοιπά
587 614 685 697 ὅμοια
704 615 758 678 δεῖ
773 613 942 697 πράττειν,
965 609 1037 678 ἀλλ’
1060 612 1186 677 ἐκείνου
1219 625 1220 670 l

146 719 401 806 εμεμνημένους
418 713 521 785 τάλλα
539 719 628 796 ὅπως
646 721 690 804 μή
705 729 842 785 τοιαῦτα
855 722 1029 803 γενήσεται
1043 729 1185 784 σκοπεῖν.

173 838 274 894 ταῦτα
297 823 358 911 μέν
378 821 439 892 οὖν
459 825 560 910 ἐστιν,
584 826 719 910 ἀκοινή
738 826 863 902 πάντας
882 825 968 910 ὑμᾶς
987 832 1099 909 οίομαι
1118 827 1186 889 δεῖν
1219 875 1220 904 ,

164 934 357 1018 ’ἐγνωκότας
380 928 476 1016 εἶναι,
499 930 554 997 καὶ
577 932 847 1017 παρεσκευάσθαι
870 934 953 1017 πρὸς
974 933 1032 1008 τάς
1053 930 1188 1007 ἀδίκους

172 1051 232 1106 τοῦ
256 1042 363 1124 δήμου
386 1037 579 1116 πλεονεξίας
600 1049 783 1123 παραινῶ..
1219 1115 1220 1126 ρ

239 1144 309 1209 LII.
328 1142 384 1220 Ὡς
402 1141 439 1209 δὲ
457 1142 512 1209 καὶ
531 1155 641 1229 τοῦτο,
663 1143 738 1231 περὶ
756 1140 798 1210 οὗ
822 1142 901 1209 νυνὶ
923 1147 1095 1229 πρόκειται
1114 1153 1220 1248 σκο-ιή

134 1275 159 1313 10
173 1263 248 1317 πεῖν
272 1251 388 1335 ὅμοιόν
411 1250 480 1316 ἐστι
503 1263 571 1328 τοῖς
594 1253 707 1328 ἀλλοις
735 1251 969 1336 ἐγχειρήμασιν
993 1250 1099 1316 αὐτοῦ
1122 1261 1188 1326 τοῖς
1219 1263 1220 1302 1

173 1357 301 1434 ἀδίκοις
318 1355 373 1422 καὶ
391 1361 607 1442 παρανόμοις,
629 1356 684 1423 καὶ
704 1357 776 1443 οὐχ,
800 1349 874 1423 οἷον
894 1357 911 1424 6
932 1358 1101 1442 δήμαρχος
1120 1355 1188 1434 ἐξα·
1219 1373 1220 1410 ῑ

172 1474 284 1530 πατῶν
307 1464 393 1547 ὑμᾶς
416 1463 567 1549 ἐπειρᾶτο
586 1463 797 1549 ἀποφαίνειν,
821 1466 952 1529 δίκαιον
970 1461 1025 1528 καὶ
1043 1460 1188 1546 μέτριον,

144 1559 295 1654 ’μάθετε
318 1571 353 1635 οί
378 1575 474 1654 μήπω
503 1581 617 1655 σαφῶς
645 1571 778 1647 είδότες.
825 1570 843 1637 6
871 1566 931 1654 μὲν
955 1564 1018 1634 οὖν
1043 1568 1188 1654 νόμοςὸ
1219 1586 1220 1638 1

172 1673 247 1762 περὶ
270 1687 337 1741 τῶν
360 1678 582 1762 δικαστηρίων
600 1688 668 1741 τῶν
686 1678 887 1760 δημοτικῶν,
911 1669 937 1764 95
956 1674 1077 1752 Δέκιος
1096 1674 1189 1757 ἐκρα-
1219 1654 1220 1720 3

133 1803 159 1844 15
172 1782 294 1846 τύνατο
317 1782 468 1865 μάλιστα,
492 1783 532 1848 οὐ
549 1780 626 1847 καθ’
650 1783 745 1866 ὑμῶν
764 1782 891 1868 ἐγράφη
911 1793 978 1847 τῶν
996 1784 1189 1866 πατρικίων,
1219 1777 1220 1848 ἀ

173 1884 248 1951 ἀλλ’
276 1885 358 1973 ὑπὲρ
387 1887 566 1973 ἀσφαλείας
595 1899 663 1953 τῶν
694 1887 962 1975 κατισχυομένων
989 1889 1190 1972 δημοτικῶν,

174 1992 218 2067 ὡς
241 1991 339 2067 αὐτός
362 2016 396 2057 τε
420 1995 519 2077 δηλοῖ
540 1995 670 2079 γραφάς
694 1997 779 2080 ἔχων
802 1994 863 2060 οὐκ
886 1993 1110 2080 ἀμφιβόλους,
1134 1991 1190 2058 καί
1219 1987 1220 2078 ή

137 2102 157 2166 2
173 2097 267 2181 ὑμεῖς
285 2109 382 2164 τοῦτο
401 2099 520 2177 πάντες
538 2098 590 2165 ἀεὶ
608 2099 718 2182 λέγετε
732 2107 840 2178 καλῶς
856 2100 1074 2184 ἐπιστάμενοι.
1106 2099 1191 2184 μέγα

173 2199 211 2268 δέ
238 2205 358 2270 τούτου
386 2209 522 2289 σημεῖόν
550 2205 656 2290 ε’στιν,
684 2207 702 2271 ὃ
731 2205 786 2272 καὶ
812 2209 936 2283 παντὸς
964 2205 1190 2291 ἀμφισβητου-

133 2329 160 2368 εο
173 2307 276 2392 μένου
291 2313 422 2394 δικαίου
436 2316 607 2397 κριτήριον
621 2308 707 2377 εἶναι
722 2315 816 2380 δοκεῖ
829 2313 1017 2398 κράτιστον,
1036 2313 1054 2378 ὁ
1068 2315 1191 2397 χρόνος
1219 2333 1220 2392 3

174 2413 457 2503 ἐννεακαιδεκέτης
486 2420 550 2503 ήδη
581 2421 745 2502 γεγονώς,
777 2418 809 2496 ἐξ
840 2415 881 2484 οὗ
912 2419 930 2485 6
960 2420 1062 2503 νόμος
1092 2413 1191 2493 οὗτος
1219 2433 1220 2451 ’

173 2517 284 2604 ἐτέθη·
313 2523 350 2588 ἐν
378 2519 403 2612 ςό
430 2523 528 2590 παντὶ
552 2525 673 2602 Δέκιος
699 2525 760 2591 οὐκ
788 2524 830 2591 ἀν
859 2528 929 2610 έχοι
957 2524 1061 2603 δεῖξαι
1090 2525 1191 2607 δίκην
1219 2555 1220 2570 ¹

173 2621 333 2705 οὐδεμίαν
360 2630 435 2694 οὔτε
464 2632 628 2714 δημοσίαν
658 2628 727 2696 κατ’
755 2631 894 2707 οὐδενὸς
916 2641 983 2696 τῶν
1006 2633 1190 2714 πατρικίων

174 2721 210 2786 έν
237 2735 282 2810 τῷ
311 2731 403 2818 νόμῳ
432 2734 689 2818 δεδικασμένην,
716 2733 787 2799 οὔτ’
821 2738 924 2801 ίδίαν·
955 2737 986 2800 εί
1013 2732 1050 2800 δέ
1078 2737 1193 2820 φήσει,

217 3014 223 3025 ‚
245 2953 258 2999 l
278 2953 446 3022 προτρέπειν
466 2960 489 3013 Ο
511 2957 671 3030 ἐπιτρέπειν
690 2959 865 3015 Camerarius
881 2965 887 3032 Ι
902 2961 1100 3030 ἀντιπράττειν
1119 2961 1139 3014 0
1158 2964 1192 3015 et
1219 2963 1220 2972 ’

171 3013 276 3070 Re1ske
295 3021 513 3085 ἀντιτάττεσθαι
531 3049 554 3086 ο.
573 3030 718 3099 Kiessling
735 3032 801 3087 Bas.
821 3033 914 3102 Progr.
934 3051 959 3103 p.
978 3039 1011 3086 19
1104 3032 1192 3086 2καὶ
1219 3035 1220 3062 Τ

171 3082 241 3175 ὁίᾷθῦ
259 3087 368 3172 πάντοςε
387 3098 452 3180 αδδ.
472 3103 573 3174 Bbmg
644 3101 840 3172 θάμάρτοιΒ
902 3102 1054 3172 ογένηται
1072 3103 1097 3155 A
1152 3108 1188 3155 11
1219 3099 1220 3154 ἶ

171 3173 222 3234 ουν
245 3155 299 3212 del.
324 3161 448 3222 Smtems
472 3173 532 3227 Em.
556 3175 637 3230 Dion.
657 3175 697 3228 III
721 3181 750 3227 12
843 3171 969 3228 141νο
994 3173 1072 3254 (av)
1095 3175 1140 3227 Bb
1163 3167 1189 3243 ᾦ
1219 3161 1220 3230 ἀ

169 3221 277 3320 §mmm
302 3232 307 3296 Ι
333 3228 539 3304 ἕκρατόνετοῦ
628 3254 658 3300 17
678 3246 762 3306 αὐτός
779 3263 810 3312 γε
831 3243 852 3297 O
872 3261 940 3298 corr.
963 3244 1064 3298 Remko
1152 3249 1189 3295 18
1219 3268 1220 3300 ι

203 3293 367 3360 άπαντεςΟ
468 3321 499 3369 19
519 3324 600 3369 τοῦτο
619 3316 671 3368 AB
767 3322 799 3368 21
820 3309 1089 3382 ἐννεακαιδεκαετής
1107 3313 1189 3368 ABb
1219 3351 1220 3354 ,

170 3365 203 3412 κθ
224 3364 332 3422 ουδὲΒ
361 3376 470 3436 06ng
559 3393 594 3440 24
613 3381 644 3439 ἐν
667 3392 704 3456 τῷ
728 3384 804 3457 νόμῳ
823 3383 877 3440 del.
897 3385 1004 3453 Kayser
1023 3393 1094 3440 Ann.
1115 3383 1187 3454 phil.
1219 3389 1220 3448 1
