2538 3884
550 221 717 273 -Θ-
1075 220 1140 286 389

96 367 98 372 ’
127 377 185 455 τὰς
203 377 319 463 πύλας,
342 381 409 464 ἀμα
427 389 495 457 τοῖς
514 379 743 465 ἀκμαιοτάτοις
762 379 973 468 ἐκτρέχουσιν
992 379 1045 448 έπὶ
1063 385 1142 461 τοὺς

126 487 315 578 πολεμίους,
338 482 408 551 κατ’
432 487 529 572 ἀμφω
553 511 587 552 τε
610 488 651 552 τδι
674 486 756 574 μέρη
779 497 836 574 τής
854 492 1042 574 προσβολῆς
1061 505 1141 574 συρ-

128 588 284 676 ράξαντες
319 591 432 670 αύτοίς
468 589 692 678 ἀποτρέπουσι
723 597 800 671 τοὺς
833 593 1063 679 ἐπιβαίνοντας
1094 603 1140 682 τῷ

126 696 254 782 χάρακι.
291 706 414 783 τροπῆς
437 694 474 764 δέ
497 696 676 784 γενομένης
696 701 715 767 δ
734 696 795 784 μέν
812 701 935 778 ύπατος
954 697 1003 766 ἐπ’
1025 701 1177 784 ὀλίγονῖι

127 801 247 881 διώξας
269 806 347 881 τοὺς
369 802 447 869 καθ’
473 802 592 872 ἑαυτὸν
617 804 860 891 [τεταγμένους]
884 804 1098 894 ἀνέστρεψεν·
1122 806 1140 872 δ
1168 825 1182 866 ⁶

127 904 158 974 δ’
191 909 334 995 ἀδελφὸς
365 911 469 977 αὐτοῦ
498 909 553 976 καὶ
582 914 785 997 πρεσβευτής
814 915 964 989 Πόπλιος
996 913 1142 999 Φούριος

54 1015 192 1083 1924ύπὸ
225 1017 368 1100 λήματός
399 1038 434 1082 τε
464 1014 519 1082 καί
548 1021 738 1103 προθυμίας
766 1021 950 1104 φερόμενος
979 1019 1055 1104 ἀχρι
1084 1027 1142 1102 τῆς

125 1125 337 1207 παρεμβολῆς
365 1131 432 1188 τῶν
454 1125 621 1207 πολεμίων
642 1125 744 1207 ήλασε
768 1124 900 1189 διώκων
922 1145 958 1188 τε
980 1121 1035 1188 καλ
1057 1126 1141 1188 κτεί-

127 1251 205 1293 νων.
254 1222 342 1311 ήσαν
375 1223 412 1293 δὲ
445 1229 507 1294 δύο
537 1240 669 1314 σπεῖραι
697 1227 773 1315 περὶ
802 1229 905 1296 αὐτὸν
936 1228 977 1294 ού
1007 1231 1142 1306 πλείους

127 1330 262 1418 ἀνδρῶν
290 1335 424 1419 έχονσαι
451 1338 577 1421 χιλίων.
622 1343 721 1402 τοῦτο
744 1338 910 1420 μαθόντες
933 1335 969 1400 oc
988 1332 1141 1421 πολέμιοι
1155 1354 1182 1395 1⁰

126 1438 202 1524 περὶ
223 1446 508 1526 πεντακισχιλίους
530 1443 672 1540 μάλιστα
691 1445 877 1526 γενόμενοι,
899 1451 1067 1528 χωροῦσιν
1086 1438 1137 1506 ἐπ’

127 1545 229 1612 αὐτὸν
249 1545 285 1612 έκ
303 1555 363 1613 τοῦ
380 1546 535 1633 χάρακος·
554 1545 610 1613 καὶ
629 1543 723 1615 οὗτοι
742 1545 803 1634 μέν
822 1547 854 1625 έξ
874 1546 1141 1632 ἐναντίαςζπροσ-

125 1648 245 1739 ήεσαν),
282 1653 390 1731 ίππεϊς
424 1649 455 1720 δ’
492 1653 603 1720 αὐτῶν
637 1655 748 1744 κύκλῳ
777 1654 1030 1740 περιελάσαντες
1059 1653 1142 1717 κατά
1220 1635 1233 1654 ⁹

126 1761 235 1826 νώτου
258 1771 327 1838 τοῖς
344 1757 515 1845 Ῥωμαίοις
539 1759 739 1846 ἐφίστανται.
776 1761 882 1850 τούτῳ
904 1761 946 1845 δή
965 1766 1011 1847 τῷ
1030 1760 1176 1847 τρόπςυὸ

126 1864 352 1944 κυκλωθέντες
379 1863 435 1932 ὑπ’
463 1867 572 1934 αὐτῶν
600 1867 636 1934 οί
661 1868 724 1934 σὺν
751 1873 797 1955 τῷ
822 1869 961 1956 Ποπλίφ
986 1861 1041 1931 καὶ
1065 1865 1142 1950 δίχα
1155 1883 1181 1926 ιι

127 1983 194 2038 των
228 1970 397 2058 σφετέρων
429 1972 694 2058 ἀποληφθέντες,
727 1972 802 2052 ε’ξὸν
833 1973 946 2050 αὐτοῖς
978 1973 1142 2050 σώζεσθαι

125 2079 314 2161 παραδοῦσι
332 2078 372 2143 τὰ
386 2078 484 2144 δπλα·
503 2078 754 2164 προύκαλοῦντο
768 2079 831 2163 χάρ
846 2078 967 2153 αὐτοὺς
981 2079 1029 2153 είς
1041 2083 1140 2141 τοῦτο

125 2183 164 2248 οί
190 2181 342 2267 πολέμιοι
371 2181 426 2248 καὶ
456 2182 531 2269 περὶ
558 2189 685 2251 πολλοῦ
713 2183 888 2248 ἐποιοῦντο
916 2184 1043 2266 χιλίους
1065 2179 1141 2245 Ῥω-

127 2292 235 2375 μαίων
258 2291 336 2366 τοὺς
359 2289 514 2375 ἀρίστους
535 2291 761 2374 αἰχμαλώτους
779 2291 906 2372 λαβεῖν,
928 2286 974 2363 ὡς
991 2287 1047 2352 διδ
1065 2286 1141 2351 τού-

127 2419 195 2462 των
218 2397 386 2473 διαλύσεις
409 2395 627 2481 εὑρησόμενοι
649 2395 752 2471 καλδις
774 2405 835 2460 τοῦ
856 2390 1016 2478 πολέμου·
1044 2415 1141 2458 κατα-
1155 2413 1181 2453 ιο

127 2504 355 2588 φρονήσαντες
390 2501 500 2568 αύτών
536 2499 592 2566 καλ
627 2500 952 2586 παρακελευσάμενοι
986 2498 1142 2583 ἀλλήλοις

53 2605 232 2693 εσεσμηδδν
255 2607 391 2687 ἀνάξιον
414 2606 534 2696 πρᾶξαι
556 2616 613 2694 τῆς
630 2610 768 2691 πόλεως,
791 2609 971 2692 μαχόμενοι
989 2602 1044 2670 καί
1062 2609 1141 2670 πολ-

128 2717 208 2792 λοὺς
240 2712 491 2792 ἀποκτείναντες
523 2726 590 2783 τῶν
621 2716 789 2798 πολεμίων
820 2713 961 2788 ἀπαντες
993 2709 1142 2793 ἀποθνή-

127 2836 274 2886 όκθυσιν.

193 2925 329 2990 LXIIII.
366 2923 637 3011 Διαφθαρέντων
664 2921 701 2991 δὲ
730 2925 856 2991 τούτων
885 2920 1085 3009 ἐπαρθέντες
1108 2923 1144 2989 οί
1154 2939 1181 2982 τε

127 3029 270 3098 Αἰκανοὶ
293 3040 338 3120 τῷ
362 3034 584 3119 προτερήματι
607 3040 760 3117 παρῆσαν
779 3028 832 3096 ἐπὶ
850 3031 909 3096 τὸν
928 3030 1056 3116 χάρακα
1074 3038 1142 3093 τῶν

121 3136 307 3224 Ῥωμαίων,
334 3141 396 3223 τήν
418 3162 452 3204 τε
475 3148 536 3205 τοῦ
559 3141 713 3205 Ποπλίου
735 3137 884 3223 κεφαλήν
908 3134 960 3201 ἐπὶ
984 3136 1141 3219 δορατίου

198 3337 214 3385 2
234 3329 466 3404 συ<ρρά>ξαντες
484 3329 506 3381 Β
580 3334 596 3384 5
615 3327 800 3400 τεταγμένους
818 3345 871 3383 om.
890 3327 914 3381 Β
940 3327 944 3395 Ι
969 3322 1141 3396 ἀνέστρεψεν

128 3399 199 3470 ἔχων
217 3402 242 3454 Α
316 3409 331 3456 7
351 3401 491 3471 λήμματος
508 3399 556 3454 Bb
578 3403 582 3472 Ι
602 3419 632 3456 τε
651 3417 704 3456 om.
724 3400 747 3454 B
768 3403 772 3470 Ι
793 3396 981 3470 ἐκφερόμενος
999 3412 1022 3452 c.
1037 3395 1142 3451 Reiske

129 3477 162 3526 16
181 3469 404 3542 ἀπολειφθέντες
421 3474 446 3526 Α
