2538 3884
81 192 147 258 398
503 190 669 243 -Θ-

81 355 257 440 κράτιστον
275 347 362 419 εἶναι
381 363 451 430 ταῖς
468 353 606 416 πόλεσιν
624 349 735 416 αὐτῶν
753 360 887 436 πρῶτον
906 348 1100 436 ἐπιχειρεῖν,

81 460 163 526 κατὰ
185 460 317 525 τοιόνδε
340 458 414 523 τινδι
438 459 610 542 λογισμόν,
633 456 683 522 ὅτι
707 457 947 540 διαλυθήσεται
969 458 1007 522 τὸ
1026 481 1101 522 κοι-

81 568 143 636 νὸν
171 565 281 630 αὐτῶν
305 563 505 648 στράτευμα,
532 564 564 626 εί
584 562 748 628 πύθοιντο
772 560 905 628 ἕκαστοι
927 563 968 627 τδ
991 563 1101 628 οἰκεῖα

83 670 120 737 ἐν
147 680 218 748 τοῖς
245 668 394 754 ἐσχάτοις
422 671 503 734 ὄντα
530 668 717 750 κινδύνοις,
748 664 804 733 καὶ
829 671 916 734 πολὺ
945 679 1100 752 κρεῖττον

57 777 239 860 τήγήσεται
259 776 300 841 τὰ
317 773 459 861 σφέτερα
478 775 607 857 σώζειν,
628 773 649 857 ή
668 775 708 839 τά
726 784 793 839 τῶν
810 777 978 859 πολεμίων
997 777 1099 858 φθεί-

81 905 161 966 ρειν.
207 884 391 968 Λοκρήτιος
417 877 478 965 μέν
507 873 569 946 οὐν
592 881 640 956 είς
661 881 722 964 τὴν
745 881 904 946 Αἰκανῶν
927 877 1100 964 ἐνέβαλεν,

84 989 284 1074 Οὐετούριος
306 984 338 1052 δ’
360 988 407 1064 είς
427 987 489 1071 τήν
514 986 746 1052 Οὐολούσκων.
782 985 925 1054 Αίκανοὶ
948 983 1009 1072 μὲν
1033 982 1099 1052 οὖν

81 1095 121 1161 τὰ
146 1093 208 1173 ἔξω
230 1093 337 1160 πάντα
360 1091 571 1177 ἀπολλύμενα
593 1102 813 1177 περιορῶντες
834 1093 897 1177 τὴν
919 1095 1018 1158 πόλιν
1041 1089 1100 1157 καὶ

81 1202 121 1266 τά
143 1200 289 1286 φρούρια
311 1195 402 1285 εἶχον
425 1197 462 1265 ἐν
483 1203 625 1283 φυλακῇ.

42 1331 67 1370 10
146 1305 245 1372 LXX.
287 1305 496 1372 Οὐολοῦσκοι
522 1301 553 1370 δ’
580 1305 647 1370 ὐπύ
673 1326 708 1370 τε
737 1304 888 1390 θράσους
910 1301 965 1369 καὶ
989 1304 1097 1369 αὐθα-

81 1415 172 1491 δείας
198 1410 424 1497 προαχθέντες
446 1420 506 1477 τοῦ
529 1433 563 1476 τε
582 1407 764 1495 Ῥωμαικοῦ
787 1411 1029 1495 στρατεύματος
1051 1410 1099 1488 ὡς

82 1521 144 1586 οὐκ
171 1517 351 1604 ἀξιομάχου
380 1518 477 1595 ὄντος
502 1519 585 1602 πρὸς
607 1514 794 1582 τὸέαυτῶν
817 1521 947 1601 πλῆθος
969 1515 1099 1602 συμφέ-

82 1632 202 1712 ρεσθαι
233 1627 543 1711 καταφρονήσαντες
576 1621 720 1707 ἐξῆλθον
749 1622 993 1709 ἀγωνιούμενοι
1019 1620 1099 1708 περὶ

81 1741 138 1816 τῆς
165 1740 241 1816 γῆς,
269 1728 326 1797 καλ
351 1732 493 1815 πλησίον
520 1738 581 1795 τοῦ
610 1727 815 1814 Οὐετουρίου
841 1726 1100 1814 κατεστρατοπέ-

42 1859 68 1900 15
83 1839 214 1902 δευσαν.
261 1827 316 1900 οἷα
346 1831 384 1900 δὲ
412 1840 505 1920 φιλεῖ
532 1835 670 1920 πάσχειν
697 1836 834 1920 στρατιά
860 1836 1099 1916 νεοσύλλεκτος

82 1945 118 2008 ἔκ
150 1965 184 2008 τε
216 1945 389 2008 πολιτικοῦ
420 1937 476 2006 καλ
506 1949 691 2027 γεωργικοῦ
719 1944 802 2027 πρὸς
830 1943 948 2028 καιρὸν
979 1946 1171 2008 uwel-1939

81 2052 204 2126 θόντος
226 2049 327 2132 ὄχλου
350 2053 572 2133 συναχθεῖσα,
595 2047 633 2112 ἐν
654 2042 676 2134 ᾖ
699 2050 786 2114 πολὺ
808 2045 865 2113 καλ
887 2049 925 2114 τὸ
948 2048 1099 2114 ἀνοπλον

82 2150 125 2240 ήν
146 2153 202 2220 καλ
224 2155 394 2220 κινδύνων
418 2154 568 2239 ἀπειρον,
591 2150 665 2219 οὐδ’
687 2156 734 2231 είς
756 2163 867 2240 χεῖρας
891 2152 1005 2220 ἐλθεῖν
1026 2163 1099 2229 τοῖς

47 2269 68 2333 2
83 2264 253 2347 πολεμίοις
272 2259 470 2346 ἐθάρσησεν·
495 2256 567 2325 ἀλλ’
585 2260 652 2345 ἅμα
669 2268 709 2346 τῇ
723 2261 835 2347 πρώτη
849 2270 917 2326 τῶν
925 2257 1098 2344 Ῥωμαίων

43 2393 70 2432 ιο
83 2367 194 2458 ἐφόδῳ
223 2365 499 2452 διαταραχθέντες
527 2365 562 2431 oc
585 2363 704 2431 πολλοὶ
726 2363 782 2431 καλ
806 2362 875 2432 οὐτ’
903 2365 1096 2449 ἀλαλαγμὸν

82 2471 159 2541 οὐθ’
179 2473 291 2539 ὅπλων
309 2474 434 2539 κτύπον
452 2471 686 2556 ἀνασχόμενοι,
702 2471 938 2558 προτροπάδην
952 2473 1098 2557 ἔφευγον

83 2581 130 2658 είς
156 2581 197 2645 τά
224 2582 327 2665 τείχη·
358 2578 441 2643 ὥστε
463 2579 607 2654 πολλοὺς
629 2573 691 2662 μὲν
713 2576 749 2644 ἐν
772 2589 842 2656 ταίς
865 2579 1099 2664 στενοχωρίαις

83 2697 150 2752 τῶν
169 2686 258 2753 ὁδῶν
276 2681 548 2769 καταληφθέντας
566 2682 763 2768 ἀποθανεῖν,
781 2689 893 2771 πολλῷ
911 2680 949 2749 δὲ
962 2687 1098 2761 πλείους

82 2793 171 2879 παρδ
193 2801 265 2869 ταῖς
286 2792 407 2869 πύλαις
429 2787 646 2875 ὠθουμένους
667 2799 734 2855 τῶν
758 2787 884 2856 ίππέωυ
903 2789 1097 2856 ἐπιδιωκόν-

45 2888 162 3006 ,35τωα
201 2896 409 2963 Οὐολοῦσκοι
432 2892 494 2981 μέν
517 2889 580 2962 οὐν
601 2895 704 2981 ταύτῃ
727 2896 929 2980 χρησάμενοι
951 2904 990 2981 τῇ
1014 2913 1097 2981 συμ-

156 3099 169 3146 1
189 3088 323 3161 κράτιστα
338 3086 361 3140 O
380 3085 527 3158 κράτιστον
542 3102 564 3139 υ.
581 3085 669 3141 Cobet
684 3085 750 3141 Obs.
764 3105 791 3156 p.
809 3092 858 3141 185
880 3088 885 3156 Ι
904 3095 1015 3156 πρῶτον
1030 3088 1096 3141 add.

82 3164 105 3219 Β
191 3160 353 3215 δπύθοιτο
376 3158 423 3212 Ba
507 3163 592 3212 4τοι
616 3178 629 3219 ς
653 3152 799 3230 έσ>χάτοις
816 3156 864 3211 Bb
888 3174 903 3212 ε
927 3173 998 3212 corr.
1081 3165 1096 3213 6

82 3233 240 3304 ἡγήσεσθαι
263 3232 286 3286 0
310 3247 379 3284 corr.
402 3227 546 3299 Kiessling
575 3230 578 3298 ή
608 3227 680 3296 ητδι
698 3236 753 3283 τῶν
771 3246 800 3283 π.
820 3230 954 3298 φθείρειν
978 3244 1032 3284 om.
1051 3228 1098 3283 Ba

83 3313 99 3362 6
118 3306 205 3361 verba
222 3302 288 3358 inde
308 3301 344 3356 ab
364 3299 404 3363 είς
423 3316 513 3368 usque
532 3298 569 3354 ad
587 3298 681 3354 πάντα
700 3316 753 3354 om.
772 3299 819 3354 Ba
883 3304 970 3367 1οτε
989 3299 1055 3354 εδδ.
1073 3299 1097 3353 Β

82 3383 117 3497 χλ»
136 3375 206 3496 ρχιὲρ
225 3381 274 3443 τῆς
291 3379 342 3442 γῆς
360 3389 382 3426 ο,
399 3371 521 3495 Βὲιχάλετ
538 3369 628 3426 Tiroc.
648 3369 708 3425 crit.
724 3388 751 3439 p.
767 3376 800 3425 61
873 3376 908 3425 20
927 3369 1097 3441 ἀλαλαγμῶν

114 3447 134 3497 Β
232 3442 402 3498 21κτύπων
