2508 3882
496 178 663 226 -H—
1021 173 1086 238 267

82 334 209 413 δειξεων
226 337 404 419 μαθόντες,
428 335 535 401 ὅτιτὸ
553 339 766 421 μηνυόμενον
785 331 828 422 ἦν
846 337 990 420 ἀδίκημα
1009 336 1087 421 ἀλη-

83 440 152 525 θές,
175 440 278 523 αὐτὴν
301 437 363 525 μέν
385 451 443 525 τῆς
465 452 614 528 κορυφῇς
637 442 837 527 ἀφελόμενοι
860 445 900 508 τά
922 441 1088 527 στέμματα

83 546 133 613 καὶ
153 549 399 631 πομπεύσαντες
422 544 466 613 δι’
490 547 614 633 ἀγορᾶς
636 547 729 626 έντδς
751 553 880 636 τείχους
904 552 1011 628 ζῶσαν
1031 573 1088 614 κα-

84 653 235 740 τώρυξαν·
273 655 336 720 δύο
375 650 412 719 δέ
447 657 526 731 τοὺς
558 653 809 740 ἐξελεγχθέντας
840 653 1087 740 διαπράξασθαι

83 761 138 842 τὴν
155 760 289 846 φθοράν
306 761 571 845 μαστιγώσαντες
595 759 632 826 ἐν
649 769 784 849 φανερῷ
806 769 1003 846 παραχρῆμα
1027 760 1086 827 ἀπ-
1114 779 1127 820 ⁵

84 864 221 932 ε’κτειναν
252 863 309 931 καὶ
341 867 422 950 μετά
452 875 550 933 τοῦτο
578 869 662 932 καλά
689 868 729 932 τά
758 868 830 948 ίερδ
856 865 911 932 καὶ
937 868 978 933 τὰ
1005 891 1086 950 μαν-

83 972 214 1055 τεύματα
238 971 283 1048 ὡς
315 971 500 1055 ἀφεικότων
533 973 645 1049 αὑτοῖς
676 983 744 1038 τῶν
772 979 864 1038 θεῶν
891 974 951 1039 τὸν
972 975 1086 1058 χόλον,

86 1075 208 1158 ἐγίνετο.

141 1181 299 1248 LXXXX.
336 1180 391 1260 Ὡς
415 1179 452 1248 δὲ
475 1190 622 1266 καθῆκεν
641 1184 659 1250 ό
683 1195 750 1249 τῶν
767 1182 988 1270 ἀρχαιρεσιῶν
1010 1187 1087 1269 χρό-

32 1303 148 1372 ιιεννος,
174 1288 344 1354 ἐλθόντων
367 1299 434 1355 τῶν
456 1289 591 1354 ὑπάτων
613 1291 720 1374 πολλὴ
751 1291 880 1374 σπουδὴ
904 1289 959 1356 καὶ
982 1289 1086 1375 παρά-
1101 1311 1126 1350 10

84 1393 160 1472 ταξις
186 1392 316 1478 ἐγένετο
349 1405 409 1460 τοῦ
437 1397 545 1480 δήμου
579 1397 661 1480 πρὸς
688 1399 767 1472 τοὺς
793 1398 984 1481 πατρικίους
1010 1393 1086 1480 περὶ

84 1510 141 1566 τῶν
161 1499 450 1586 παραληψομένων
477 1503 539 1585 την
565 1501 747 1587 ἡγεμονίαν
776 1501 919 1586 ἀνδρῶν.
965 1500 1085 1567 ἐκείνοι

85 1601 137 1688 μὲν
157 1608 218 1693 γάρ
238 1604 359 1673 ἐκτῶν
378 1605 548 1692 νεωτέρων
567 1606 746 1692 έβούλοντο
765 1610 843 1683 τοὺς
866 1607 1086 1691 δραστηρίους

85 1735 112 1776 τε
135 1711 188 1778 καὶ
214 1713 332 1797 ἥκιστα
360 1716 558 1798 δημοτικοὺς
586 1711 639 1778 έπλ
667 1715 728 1797 την
754 1713 913 1779 ὑπατείαν
940 1734 1086 1798 προαγα-

84 1829 157 1900 γεῖν·
183 1817 240 1885 καὶ
267 1817 379 1907 μετῄει
406 1821 468 1903 την
494 1819 600 1905 ἀρχὴν
628 1817 819 1896 κελευσθεὶς
848 1817 903 1884 ὑπ’
932 1819 1042 1885 αὐτῶν
1066 1820 1125 1886 ὑιε

84 1922 307 2001 νίὸςἉππίου
335 1927 510 1992 Κλαυδίου
542 1935 601 1993 τοῦ
634 1926 882 2010 πολεμιωτάτου
914 1934 959 2014 τῷ
992 1928 1085 2015 δήμῳ

85 2030 251 2108 δοκοῦντος
273 2027 370 2115 εἶναι,
393 2034 511 2116 μεστὸς
535 2031 717 2110 αὐθαδείας
739 2032 823 2118 ἀνὴρ
846 2030 902 2097 καὶ
924 2032 1086 2116 θράσους,

85 2131 211 2221 ἑταίροις
235 2160 268 2202 τε
290 2135 347 2236 καὶ
369 2138 524 2215 πελάταις
552 2137 707 2204 ἁπάντων
735 2143 891 2203 πλείστου
913 2147 980 2201 τῶν
1002 2133 1080 2201 καθ’

84 2239 201 2322 ἡλικίαν
230 2244 427 2327 δυνάμενος·
455 2244 474 2310 ὑ
503 2239 540 2308 δὲ
569 2244 672 2328 δῆμος
700 2242 736 2308 έκ
762 2253 829 2308 τῶν
851 2239 1085 2326 πρεσβυτέρων

85 2370 112 2411 τε
131 2347 181 2414 καὶ
204 2359 272 2414 τῶν
294 2362 412 2436 πεῖραν
435 2351 499 2434 ἤδη
524 2352 719 2416 δεδωκότων
738 2357 796 2432 τῆς
814 2346 988 2423 ἐπιεικείας
1005 2350 1084 2424 τοὺς
1099 2369 1125 2407 ιο

85 2453 360 2539 προνοησομένους
378 2465 438 2521 τοῦ
452 2465 546 2541 κοινῇ
562 2453 790 2540 συμφέροντος
804 2453 975 2538 ὀνομάζων
989 2452 1085 2537 ἠξίου

85 2572 179 2626 ποιεῖν
211 2561 367 2638 ὑπάτους.
420 2562 457 2625 αί
488 2558 516 2624 τ’
550 2558 647 2647 ἀρχαὶ
680 2562 908 2644 διειστήκεσαν
939 2557 995 2625 καὶ
1027 2560 1085 2636 τὰς

86 2663 223 2750 ἀλληλων
246 2666 389 2733 ἀνέλυον
413 2666 571 2745 ἐξουσίας.
616 2667 715 2733 ὁπότε
738 2662 799 2751 μὲν
824 2667 887 2752 γάρ
911 2667 946 2731 οί
965 2665 1119 2734 ὑπατοι2

85 2777 203 2840 καλοῖεν
234 2777 272 2840 τδ
303 2777 433 2856 πλῆθος
465 2773 510 2848 ὡς
541 2771 771 2850 ἀποδείξοντες
803 2774 882 2849 τοὺς
914 2775 1085 2856 μετιόντας

85 2879 134 2961 την
160 2879 265 2965 ἀρχὴν
293 2878 454 2962 ὑπάτους,
481 2879 517 2942 οί
543 2880 705 2964 δήμαρχοι
732 2887 793 2943 τοῦ
820 2879 965 2944 κωλύειν
993 2882 1085 2955 ὄντες
1100 2897 1125 2938 τε

85 2985 179 3070 κύριοι
198 2983 333 3051 διέλυον
347 2986 386 3049 τά
405 2981 609 3070 ἀρχαιρέσια,
628 2984 725 3050 ὁπότε
740 2980 770 3048 δ’
790 2978 832 3049 αὖ
849 2986 950 3051 πάλιν
965 2983 1085 3051 ἐκείνοι

145 3218 157 3265 1
177 3213 304 3282 ἀδίκημα
319 3212 372 3266 del.
386 3211 538 3282 Kiessling,
558 3209 685 3284 ἀσέβημα
700 3210 746 3266 vel
760 3209 910 3280 ἁμάρτημα
925 3209 1007 3264 scrib.
1023 3227 1084 3264 esse

86 3298 104 3336 ο.
114 3282 216 3352 Kayser
234 3283 306 3338 Λευ.
324 3283 394 3353 phil.
415 3288 484 3338 1868
502 3300 529 3351 p.
545 3286 598 3337 816
671 3289 686 3336 ό
707 3287 821 3353 φανερῷ
839 3288 1011 3361 παραχρῆμα
1024 3280 1086 3360 ,ἀπ-

86 3350 199 3410 ἔκτειναν
217 3354 267 3409 καὶ
286 3354 310 3409 0
329 3374 360 3424 φ.
379 3353 550 3408 ἀπέκτειναν
569 3352 617 3407 καὶ
635 3372 664 3407 π.
683 3353 771 3406 verba
789 3353 964 3420 transposult
980 3350 1084 3405 Relske

87 3427 213 3498 λαὺτοῖς]
233 3422 321 3487 αὑθις
339 3443 362 3480 ο.
382 3424 525 3492 Kiessling
597 3430 632 3478 24
651 3424 852 3489 ἀποδείξαντες
869 3422 892 3475 Β
