2484 3876
151 207 217 272 138
574 211 743 260 -H-

148 376 261 466 κεῖσθε
285 370 329 454 μή
352 373 572 455 κομιζόμενοι,
595 372 627 436 εί
646 366 683 436 δὲ
700 369 832 461 πολέμῳ
851 362 1175 456 ἀφαιρεθέντεςού-

148 475 217 542 κέτι
240 476 350 542 αὐτῶν
371 479 466 555 ὄντες
488 477 610 563 κύριοι,
633 475 776 542 ἀδικεῖτε
798 487 865 542 τῶν
888 475 1075 562 ἀλλοτρίων
1095 475 1176 561 ἐφι-

149 583 270 668 έμενοι.
314 582 406 669 ἡμεῖς
433 580 470 649 δὲ
499 586 673 669 κρατίστας
694 583 867 669 ἡγούμεθα
889 586 1032 668 κτήσεις,
1061 583 1103 660 ἃς
1128 582 1176 648 ἀν

148 688 280 779 πολέμῳ
307 692 527 774 κρατήσαντες
553 690 722 774 λάβωμεν,
750 690 826 756 ούτε
852 700 977 773 πρῶτοι
1003 706 1176 775 καταστη-

121 798 287 882 τσάμενοι
309 799 415 880 νόμον
437 797 535 862 τόνδε
558 797 634 862 ούτε
653 797 755 862 αὐτὸν
774 795 964 883 ἀνθρώπων
981 797 1175 881 ἡγούμενοι

149 899 235 970 εἶναι
262 908 389 989 μᾶλλον
416 903 436 988 ή
464 900 539 987 ούχλ
566 908 671 969 θεῶν·
701 903 848 980 ἀπαντάς
873 927 909 970 τε
931 901 986 969 καὶ
999 901 1175 986 Ἕλληνας

147 1008 203 1076 καὶ
226 1010 416 1096 βαρβάρους
434 1011 559 1086 εἰδότες
576 1009 663 1098 αὐτῷ
682 1008 872 1095 χρωμένους
891 1010 953 1076 οὐκ
971 1009 1012 1076 ἀν
1032 1009 1173 1094 ἐνδοίη-

148 1139 210 1201 μεν
233 1116 313 1200 ὑμῖν
336 1118 484 1200 μαλακὸν
507 1112 607 1183 οὐδὲν
630 1113 703 1182 οὐδ’
725 1115 768 1182 ἀν
786 1116 1009 1200 ἀποσταίημεν
1028 1119 1077 1180 ἔτι
1096 1128 1174 1182 τῶν

114 1225 362 1308 3δορικτήτων.
399 1223 504 1305 πολλή
527 1223 590 1308 γάρ
614 1221 728 1307 ἀνείη
751 1227 900 1308 κακότης,
923 1230 957 1289 εί
974 1247 1024 1300 τις
1045 1223 1067 1287 ἀ
1087 1221 1168 1306 μετ’

108 1353 135 1392 ω
149 1328 265 1414 ἀρετῆς
294 1326 349 1394 καλ
379 1328 533 1414 ἀνδρείας
562 1329 733 1413 ἐκτήσατο,
763 1327 861 1396 ταῦθ’
887 1330 951 1395 ὑπὸ
980 1332 1103 1414 μωρίας
1128 1353 1169 1394 τε

147 1433 202 1502 καὶ
230 1436 354 1512 δειλίας
381 1434 588 1522 ἀφαιρεθείη.
633 1440 789 1521 πολεμεῖν
816 1433 844 1502 τ’
872 1437 947 1502 ούτε
975 1436 1020 1520 μή
1042 1439 1236 1520 βουλο-ῖσνι

147 1540 269 1627 μένους
286 1542 372 1627 ὑμᾶς
389 1531 626 1628 ἀναγκάζομεν,
643 1542 719 1608 οὔτε
732 1542 1031 1628 προθυμουμένους
1044 1563 1172 1626 παραι-

147 1650 307 1733 τούμεθα,
330 1648 372 1714 ἀν
396 1646 426 1713 δ’
448 1647 594 1734 ἀρξησθε
617 1647 845 1732 ἀμυνούμεθα.
885 1657 988 1714 ταῦτα
1012 1649 1173 1733 Οὐολούῑ

148 1771 240 1832 σκοις
253 1752 473 1836 ἀπαγγέλλετε
486 1752 541 1819 καί
555 1753 676 1838 λέγετε,
691 1755 741 1819 ὅτι
755 1756 917 1838 λήψονται
930 1751 991 1840 μὲν
1004 1758 1170 1841 πρότεροι

107 1884 134 1924 15
147 1862 186 1926 τά
210 1858 283 1926 ὅπλ’
306 1859 441 1943 ἐκεῖνοι,
464 1862 615 1945 θήσομεν
638 1859 668 1926 δ’
690 1861 783 1945 ἡμεῖς
804 1861 947 1947 ὕστεροι.

214 1967 270 2032 ΧΙ.
311 1968 438 2044 Ταύτας
465 1968 501 2032 οί
523 1965 677 2054 πρέσβεις
703 1969 761 2044 τάς
788 1967 976 2052 ἀποκρίσεις
1004 1971 1170 2052 λαβόντες

147 2074 350 2159 ἀπήγγειλαν
372 2083 417 2161 τῷ
439 2076 561 2158 πλήθει
583 2085 650 2140 τῶν
670 2074 902 2139 Οὐολούσκων.
939 2078 1170 2161 συναχθείσης

147 2177 210 2249 οὖν
238 2176 338 2257 αὖθις
363 2179 535 2264 ἐκκλησίας
557 2181 636 2265 μετὰ
658 2189 756 2246 τοῦτο
779 2190 938 2265 κυροῦται
961 2181 1071 2265 δόγμα
1092 2205 1169 2247 κοι-

146 2290 209 2356 νὸν
222 2297 282 2355 τοῦ
296 2290 418 2364 ἔθνους
431 2297 601 2373 προειπεῖν
610 2281 780 2371 Ῥωμαίοις
793 2289 852 2352 τὸν
866 2289 1020 2371 πόλεμον.
1049 2286 1163 2353 ἔπειθ’

17 2389 40 2460 >
107 2418 134 2458 ω
148 2397 321 2480 αἱροῦνται
344 2396 547 2480 στρατηγοὺς
569 2393 811 2478 αὐτοκράτορας
828 2403 889 2458 τοῦ
905 2390 1052 2478 πολέμου
1078 2395 1168 2460 Τύλ-

147 2508 208 2569 λον
230 2526 264 2568 τε
287 2500 342 2567 καὶ
360 2500 516 2586 Μάρκιον
540 2500 698 2584 δυνάμεις
719 2523 754 2565 τε
777 2502 976 2583 ψηφίζονται
998 2501 1167 2585 καταγρά-

147 2632 224 2692 φειν
242 2606 298 2674 καὶ
313 2604 448 2694 χρήματ’
467 2604 634 2691 εἰσφέρειν
647 2604 702 2671 καί
715 2600 817 2671 τάλλα
831 2605 1165 2692 παρασκευάσασθαι,

112 2713 237 2784 2ὅσων
259 2713 493 2797 ὑπελάμβανον
517 2712 648 2794 δεήσειν
670 2721 715 2799 τῷ
738 2709 879 2802 πολέμῳ.
916 2712 1101 2797 μελλούσης
1126 2708 1166 2777 δὲ

72 2893 80 2902 ⁴
148 2819 345 2884 διαλύεσθαι
367 2825 425 2900 τῆς
448 2814 619 2900 ἐκκλησίας
640 2815 783 2894 ἀναστὰς
806 2818 824 2883 δ
847 2818 1000 2904 Μάρκιος
1022 2821 1165 2904 ἔφησεν·

147 3048 294 3102 ἀδικεῖσθε
313 3042 350 3114 μή
369 3042 556 3114 κομιζόμενοι·
577 3052 628 3099 νύν
647 3044 679 3100 δὲ
697 3042 807 3118 πολέμῳ
825 3043 1033 3117 ἀφαιρεθέντες
1048 3077 1081 3087 -
1096 3047 1162 3101 ἀδι-

146 3124 220 3175 κεῖτε
239 3133 296 3184 eqs.
317 3115 495 3170 scribendum
513 3131 573 3171 esse

219 3195 235 3244 5
261 3188 352 3242 αὐτῶν
375 3186 421 3240 Bb
498 3194 514 3241 6
540 3186 667 3251 ἅπαντας
689 3188 720 3244 δὲ
743 3186 847 3242 Reiske
920 3194 935 3250 ’,ί
962 3185 1113 3261 είδ<ό>τες
1136 3188 1159 3241 Β

147 3261 225 3317 ὃότι
243 3259 289 3312 Ba
308 3256 348 3312 ἔτι
365 3257 442 3310 ABb
503 3265 519 3312 9
539 3259 709 3330 δορικτήτων
728 3262 752 3314 Α
771 3257 992 3328 δυρνκτήτωνΒ
1054 3265 1088 3314 18
1107 3255 1159 3314 οὖν

147 3348 233 3400 supra
259 3329 308 3384 lin.
330 3329 377 3382 Bb
403 3331 407 3398 Ι
432 3327 533 3397 ἀρχητε
556 3329 659 3384 Reiske
684 3330 784 3399 ἀρξητε
809 3345 831 3383 ο.
856 3329 945 3384 Cobet
968 3329 1033 3384 Obs.
1057 3348 1086 3399 p.
1108 3337 1158 3384 157

149 3409 181 3455 19
204 3409 254 3454 τοῦ
278 3398 381 3461 ἔθνους
402 3399 467 3460 τοὺς
489 3401 576 3462 θεοὺς
597 3400 623 3453 Α
647 3405 651 3469 Ι
677 3398 773 3456 ἔπειτα
792 3441 798 3454 .
814 3442 821 3456 .
839 3397 986 3468 αἱροῦνται
1003 3401 1051 3454 Bb
1124 3407 1159 3456 22

147 3469 412 3540 παρασκευάζεσθαι
426 3470 587 3524 0.,Βοοά1οε
599 3471 655 3526 Tir.
670 3471 731 3535 crit.
746 3490 772 3540 p.
784 3476 818 3525 54
868 3476 902 3524 24
917 3469 997 3540 *ἔφη
1013 3470 1036 3526 O
1050 3473 1161 3526 correxi
