2508 3882
509 173 675 225 ,Θ-

84 329 268 416 ὑπέσχοντο
297 343 342 420 τῷ
371 332 474 420 δήμω.
525 332 737 420 ἀπορουμένῃ
771 330 807 398 δὲ
841 343 880 421 τῇ
908 338 1014 422 βουλῇ
1042 334 1133 402 καί4

85 435 315 524 ἀμηχανούσῃ,
342 442 378 504 τί
400 440 463 526 χρὴ
487 451 611 523 ποιεῖν,
630 438 770 516 ’Ἁππιος
794 440 961 518 Κλαύδιος
984 441 1096 508 ὑποτί-

83 547 183 606 θεται
210 555 359 627 σκοπεῖν,
387 543 475 620 ὅπως
503 546 711 628 διαστήσεται
741 545 781 609 τά
809 555 875 610 τῶν
903 547 1015 612 ἄλλων
1038 548 1096 631 δη-

17 647 219 732 ιιειμάρχων
241 651 324 735 πρὸς
347 650 466 732 αὐτόν,
489 650 668 733 διδάσκων,
691 649 741 715 ὅτι
765 651 823 716 τὸν
846 652 1018 716 κωλύοντα
1040 652 1095 718 καὶ

84 752 237 837 ἐμποδὼν
268 758 447 839 γινόμενον
484 739 553 833 τοῖς
585 757 726 841 δόγμασι
758 765 816 841 της
846 760 970 841 βουλῆς
1003 758 1094 844 ἱερὸν
1122 785 1134 824 ι

84 861 165 925 ὄντα
181 859 235 926 καί
254 863 346 950 νόμω
365 863 426 945 τὴν
446 859 599 940 ἐξουσίαν
621 865 738 948 ἔχοντα
761 863 884 944 ταύτην
903 863 1011 940 άλλως
1034 865 1095 930 οὐκ

85 968 153 1030 ἐστι
178 974 302 1032 παῦσαι
330 976 388 1050 τῆς
415 968 625 1050 δυναστείας,
658 967 716 1032 ἐάν
744 969 788 1053 μή
815 992 864 1045 τις
891 967 1002 1054 ἔτερος
1028 981 1094 1034 τῶν

83 1069 147 1136 ἀπὸ
173 1080 230 1155 τῆς
260 1078 332 1156 ίσης
359 1083 453 1157 τιμῆς
479 1073 534 1140 καὶ
561 1076 623 1159 την
645 1073 750 1156 αὐτὴν
773 1073 926 1152 ἐξουσίαν
950 1074 1094 1160 ἐχόντων

83 1175 239 1242 τάναντία
266 1178 391 1264 πράττη
419 1183 489 1262 καί,
461 1171 567 1256 ίοςί
594 1179 636 1244 ἂν
663 1179 789 1257 ἐκεῖνος
816 1179 969 1264 ἐμποδὼν
999 1180 1094 1266 γένη-

83 1305 149 1366 ται,
176 1292 280 1348 ταῦτα
308 1285 429 1370 κωλύη.
475 1283 700 1369 συνεβούλευέ
718 1309 753 1351 τε
776 1297 845 1363 τοῖς
867 1282 968 1364 αὖθις
990 1311 1134 1386 παρα-η0
1108 1275 1128 1336 5

84 1388 282 1473 ληψομένοις
313 1390 374 1473 την
406 1388 513 1477 ἀρχὴν
544 1391 683 1468 ὑπάτοις
720 1401 818 1458 τοῦτο
849 1394 1004 1477 πράττειν
1036 1392 1092 1460 καὶ

84 1507 234 1579 σιιοπείν,
267 1495 354 1572 ὅπως
386 1495 500 1574 ἕξουσί
530 1520 622 1574 τινας
654 1495 705 1563 ἀεὶ
736 1507 803 1562 τῶν
836 1498 1014 1585 δημάρχων
1045 1503 1092 1565 οί-

83 1605 190 1679 κείους
219 1604 313 1685 σφίσι
337 1599 392 1666 καί
414 1605 546 1686 φίλους·
574 1607 655 1686 μίαν
677 1599 762 1669 εἶναι
790 1602 898 1687 λέγων
921 1613 978 1688 τῆς
1000 1604 1091 1684 ἐξου-

84 1710 153 1784 σίας
170 1715 231 1773 τού
251 1706 385 1794 ἀρχείου
399 1707 590 1792 κατάλυσιν,
610 1707 668 1773 ἐάν
682 1709 877 1788 στασιάζωσι
896 1711 979 1796 πρὸς
993 1710 1091 1796 ἀλλη-

83 1818 158 1890 λους
182 1815 217 1878 οἱ
237 1814 365 1898 ἄνδρες.
1106 1841 1130 1880 1⁵

144 1919 186 1983 II.
237 1920 367 2002 Ταύτην
399 1919 661 2005 εἰσηγησαμένου
695 1922 756 2005 τὴν
788 1924 924 2008 γνώμην
949 1922 1090 1990 Ἀππίου

84 2024 236 2102 δόξαντες
259 2025 361 2089 αὐτὸν
381 2025 493 2110 ὀρθῶς
515 2037 690 2112 παραινεῖν
709 2029 744 2093 οί
760 2051 794 2092 τε
812 2029 932 2095 ύπατοι
950 2027 1005 2094 καὶ
1023 2041 1090 2094 τῶν

26 2132 190 2196 μετάλλων
217 2131 253 2195 οί
277 2131 515 2216 δυνατώτατοι,
548 2138 653 2218 πολλῇ
682 2137 845 2220 θεραπείᾳ
872 2131 1088 2214 διεπράξαντο

81 2240 155 2315 τοὺς
186 2234 340 2322 τέτταρας
371 2235 408 2301 ἐκ
440 2247 507 2302 τῶν
541 2239 720 2324 δημάρχων
747 2241 890 2314 οἰκείους
916 2247 955 2322 τῇ
983 2241 1088 2323 βουλη

81 2340 244 2424 γενέσθαι.
290 2342 326 2406 οί
311 2339 384 2406 ίδέ
406 2347 486 2419 τέως
508 2339 569 2428 μέν
591 2346 680 2432 λόγω
703 2346 915 2427 μεταπείθειν
937 2345 996 2408 τὸν
1016 2340 1088 2408 Ἰκί-
1104 2330 1124 2390 2

81 2454 151 2514 λιον
179 2447 373 2533 ἐπεγείρων
400 2439 584 2532 άποστηναι
613 2461 679 2514 τῶν
705 2447 781 2532 περὶ
809 2459 865 2532 της
891 2403 1130 2535 κληρουχίας,0

80 2554 390 2637 πολιτευμάτων,”
370 2578 431 2631 εως
458 2556 494 2619 οί
523 2558 661 2639 πόλεμοι
691 2557 817 2639 λάβωσι
845 2552 948 2632 τέλος
981 2556 1026 2632 ὡς
1053 2553 1083 2619 δ’

80 2660 274 2742 ἠναντιοῦτο
302 2657 357 2724 καὶ
385 2662 552 2744 διώμνυτο
576 2665 678 2744 λόγον
701 2685 734 2726 τε
758 2662 816 2727 τὸν
840 2659 1088 2746 αὐθαδέστερον

81 2768 180 2832 εἰπεῖν
204 2764 360 2850 ἐτόλμησε
388 2775 459 2830 τού
476 2766 584 2850 δήμου
611 2770 790 2852 παρόντος,
817 2768 867 2832 ότι
895 2773 1022 2852 μᾶλλον
1045 2767 1087 2833 δν

79 2873 232 2954 βούλοιτο
261 2874 455 2956 Τυρρηνοὺς
481 2870 537 2936 καὶ
564 2875 642 2948 τοὺς
664 2875 786 2949 ἄλλους
809 2878 987 2958 πολεμίους
1008 2898 1087 2960 κρα-
1101 2900 1126 2939 ω

146 3067 162 3114 3
183 3061 403 3187 διαστήσῼται
422 3062 444 3114 Β
540 3070 555 3116 6
575 3063 662 3116 verba
680 3061 746 3116 inde
766 3063 802 3116 ab
822 3061 922 3132 ἔχοντα
941 3081 1029 3132 usque
1049 3064 1086 3118 ad

80 3127 251 3198 ἐξουσίανν.
272 3137 324 3186 Sa
346 3132 364 3184 d
392 3133 414 3185 Β
470 3132 637 3200 9πράττειν
657 3136 686 3187 θλ
704 3152 729 3187 v.
746 3139 780 3188 10
799 3134 917 3188 κωλύειν
937 3135 1086 3203 Opraeter

80 3202 118 3274 ΒΙ
133 3206 247 3274 γίνηται
265 3202 317 3255 ΑΒ
392 3209 424 3257 10
443 3211 530 3257 ταῦτα
549 3203 586 3274 μὴ
606 3204 739 3276 κωλύηο.
759 3203 861 3257 Βοὶελτο
944 3211 976 3258 17
996 3206 1026 3257 εί
1040 3203 1085 3256 Ba

81 3293 104 3328 οι
97 3225 168 3328 ''Bb
235 3279 269 3328 18
287 3272 426 3327 ἄλλων
397 3293 424 3328 οι
443 3275 486 3328 δυ.
506 3274 552 3326 Bb
572 3290 605 3328 ex
624 3291 692 3329 corr.
710 3275 872 3347 Ιθεραπεία
891 3274 914 3327 Β
933 3275 1085 3348 δυναστεία

80 3345 102 3397 R
172 3351 205 3399 23
226 3345 298 3414 διάμ
299 3364 333 3398 νυ
352 3344 398 3397 Ba
417 3365 448 3398 το
468 3345 531 3398 add.
552 3344 598 3399 Bb
618 3362 703 3414 supra
720 3344 769 3399 lin.
796 3353 799 3412 λ
825 3327 1083 3398 αύθαδέοτατονό.

80 3415 196 3485 Sylburg
269 3419 303 3468 25
323 3415 467 3486 βούλοιντο
487 3415 509 3469 Ο
529 3419 609 3484 praet
597 3415 676 3469 terB

127 3514 544 3555 Βωιωνπτο.Η.Π1.οω>..ῐιοῑ.
893 3507 925 3556 18
