2484 3876
188 207 251 268 112
609 209 771 258 -Ζ-

185 369 365 451 ποιήσομαι
392 378 453 433 τοῦ
480 370 604 453 χρόνου
631 369 693 450 τὴν
720 366 916 453 τέκμαρσιν,
946 365 993 434 ὅτ’
1019 368 1113 451 οὔπω
1139 369 1192 450 τὴν

185 483 242 557 τῆς
264 469 423 549 Ἑλλάδος
450 469 542 560 εἶχον
564 474 746 558 ἡγεμονίαν
770 471 850 540 οὐδέ
877 476 984 559 ἀλλην
1006 476 1192 540 διαπόντιον

186 579 347 664 οὐδεμίαν
365 581 483 667 ἀρχήν,
502 584 634 670 Κοίντῳ
650 584 766 670 Φαβίῳ
785 584 949 666 βεβαιωτῇ
963 581 1130 667 χρώμενος
1145 578 1193 645 καὶ

186 685 343 772 οὐδεμιᾶς
375 691 422 753 ἔτι
454 689 612 773 δεόμενος
647 689 786 764 πίστεως
819 683 944 772 ἑτέρας·
982 689 1194 762 παλαιότατος

159 793 248 878 ῡγὰρ
272 792 356 878 ἀνὴρ
380 805 447 859 τῶν
470 794 509 858 τά
527 791 688 877 Ῥωμαϊκὰ
712 790 968 876 συνταξαμένων
975 841 985 876 ,
1010 794 1068 857 καὶ
1090 795 1193 859 πίστιν
1224 799 1225 876 χ

186 899 247 964 ούκ
271 899 303 978 ἔξ
328 893 375 964 ὧν
398 901 519 983 ἤκουσε
543 903 660 983 μόνον,
683 898 767 964 ἀλλὰ
785 896 841 963 καὶ
864 897 897 977 ἐξ
921 892 969 964 ὧν
992 897 1094 976 αὐτὸς
1116 901 1192 981 ἔγνω
1224 947 1225 978 3

101 961 111 1062 ἔ
185 1009 416 1091 παρεχόμενος.
1224 1047 1225 1084 3

150 1115 171 1178 2
257 1112 389 1195 Ταύτην
408 1111 450 1193 δὴ
468 1111 530 1194 τὴν
548 1107 667 1196 ἑορτὴν
686 1108 870 1194 ἐψηφίσατο
888 1106 951 1194 μὲν
969 1110 990 1194 η
1009 1109 1117 1194 βουλὴ
1135 1120 1193 1174 τῶν

180 1213 349 1300 Ῥωμαίων
368 1217 474 1299 άγειν,
498 1215 544 1292 ὡς
560 1213 615 1280 καὶ
633 1219 796 1302 πρότερον
815 1218 912 1302 ἔφην,
932 1218 1014 1282 κατὰ
1032 1216 1092 1294 τὰς
1110 1239 1194 1299 γενο-
1224 1262 1225 1298 3

146 1342 172 1382 ιο
185 1320 286 1406 μένας
313 1321 411 1407 εὐχὰς
443 1320 509 1386 ὑπὸ
541 1331 601 1387 τοῦ
633 1321 825 1407 δικτάτορος
852 1322 969 1388 Αύλον
997 1327 1194 1407 Ποστομίου,
1224 1381 1225 1396 ,

185 1423 233 1492 ὅτ’
257 1429 393 1511 ἔμελλεν
415 1425 635 1510 ἀγωνίζεσθαι
657 1428 741 1513 πρὸς
762 1428 820 1503 τάς
840 1427 1027 1505 ἀποστάσας
1046 1416 1225 1510 Λατίνωυιιι

184 1537 297 1611 πόλεις
314 1533 469 1616 κατάγειν
484 1531 711 1618 ἐπιχειρούσας
729 1534 917 1618 Ταρκύνιον
931 1531 984 1598 ἐπὶ
1002 1535 1066 1617 τὴν
1085 1534 1193 1621 ἀρχήν·
1224 1603 1225 1606 ¹

185 1639 394 1710 ἀναλοῦσθαι
419 1635 449 1703 δ’
476 1637 565 1716 ἔταξε
587 1633 666 1703 καθ’
689 1637 827 1705 ἕκαστον
850 1638 1004 1705 ἐνιαυτὸν
1027 1646 1077 1718 είς
1095 1664 1128 1706 τε
1144 1641 1195 1716 τὰς

184 1749 307 1822 θυσίας
333 1743 389 1810 καὶ
416 1747 494 1821 τοὺς
521 1743 652 1828 ἀγῶνας
679 1743 841 1831 ἀργυρίου
863 1751 1084 1824 πεντακοσίας
1106 1756 1193 1831 μνᾶς·
1224 1799 1225 1820 ,

146 1872 171 1914 ιε
184 1849 239 1915 καὶ
263 1849 358 1935 μέχρι
382 1861 442 1916 τοῦ
462 1855 660 1938 Φοινικικοῦ
682 1853 828 1934 πολέμου
846 1849 937 1938 ταῦτ’
958 1851 1136 1919 ἐδαπάνων
1154 1854 1194 1927 εἰς
1224 1859 1225 1875 ’

151 1958 246 2040 3τὴν
270 1954 397 2042 ἑορτήν.
443 1956 480 2022 έν
503 1953 541 2022 δέ
563 1968 633 2033 ταῖς
657 1956 760 2040 ίεραϊς
781 1955 917 2042 ἡμέραις
938 1959 1075 2037 ταύταις
1096 1958 1194 2025 πολλά

185 2059 246 2147 μέυ
269 2060 324 2128 καὶ
343 2064 426 2128 ἀλλα
446 2061 572 2146 ἐγίνετο
590 2065 706 2145 νόμοις
719 2059 925 2145 Ἑλληνικοῖς
942 2064 1025 2128 κατά
1042 2087 1080 2128 τε
1098 2085 1194 2146 παυη-

185 2170 369 2254 γυρισμοὺς
391 2167 446 2233 καὶ
469 2166 574 2246 ξένων
596 2168 763 2254 ὑποδοχὰς
784 2167 840 2234 καὶ
863 2167 1052 2255 ἐκεχειρίας,
1075 2169 1097 2235 ἀ
1115 2173 1193 2236 πολὺ
1224 2173 1225 2244 λ

185 2273 227 2341 ἀν
250 2277 349 2362 ἔργον
368 2280 420 2359 είη
443 2272 564 2358 λέγειν,
586 2275 626 2340 τὰ
645 2271 682 2339 δέ
700 2272 776 2361 περὶ
793 2277 928 2359 πομπήν
946 2298 981 2340 τε
999 2274 1056 2341 καλ
1074 2279 1193 2341 θυσίαν

145 2405 171 2446 ιο
185 2380 239 2447 καὶ
262 2383 302 2447 τὰ
325 2383 507 2458 κατάτούς
530 2381 672 2464 ἀγῶνας·
696 2379 823 2466 ἀπόχρη
847 2381 911 2466 γάρ
934 2380 971 2446 ἐκ
992 2383 1123 2448 τούτων
1145 2379 1193 2446 καὶ

184 2487 225 2553 τά
248 2488 293 2572 μη
316 2486 477 2574 λεχθέντα
501 2487 671 2567 ἐξετάζειν·
695 2487 816 2553 τοιάδε.

250 2593 385 2658 LXXII.
410 2593 501 2676 Πρὶν
515 2594 679 2678 ἄρξασθαι
692 2605 760 2660 τῶν
774 2593 925 2677 ἀγώνων,
941 2595 1077 2678 πομπὴν
1091 2597 1193 2660 ἔστελ-

185 2703 245 2763 λον
267 2709 336 2776 τοϊς
358 2705 452 2777 θεοῑς
473 2702 509 2766 οί
528 2702 590 2784 τὴν
612 2703 770 2784 μεγίστην
794 2701 922 2785 ἔχοντες
945 2698 1111 2784 ἐξουσίαν,
1134 2699 1192 2764 ἀπὸ

183 2811 244 2868 τοῦ
274 2806 486 2871 Καπιτωλίου
514 2828 549 2870 τε
576 2803 632 2870 καὶ
663 2803 707 2869 δι’
742 2805 865 2891 ἀγοράς
892 2807 1029 2888 άγοντες
1057 2805 1111 2872 ἔπὶ
1140 2808 1193 2872 τὸν

145 2933 171 2974 ιε
184 2907 288 2994 μέγαν
317 2909 533 2998 ίππόδρομον.
583 2910 726 2993 ἡγοῦντο
760 2907 797 2974 δέ
828 2921 885 2996 τῆς
911 2921 1041 2996 πομπῆς
1066 2924 1193 2999 πρῶτον

255 3100 304 3155 οδ
325 3100 398 3171 ἀνὴρ
417 3102 442 3155 Α
461 3101 533 3172 ἀνὴρ
553 3101 575 3156 Β
594 3099 666 3172 ἀνὴρ
685 3118 708 3156 c.
728 3100 872 3172 Kiossling
953 3111 985 3158 13
1005 3106 1045 3167 είς
1062 3105 1103 3175 τε]
1124 3105 1191 3158 εἴτε

182 3209 208 3264 Α
281 3214 313 3264 15
333 3193 465 3277 φοιυέύου
484 3210 509 3262 Δ
579 3217 609 3265 17
624 3209 913 3279 πανηγυριασμοδςΒ
979 3216 1011 3266 18
1027 3206 1191 3280 ἔκκεχειρίας

182 3316 205 3366 Β
222 3316 312 3436 χπολῦ
333 3311 415 3438 ἔργον
434 3313 471 3367 ἀν
490 3316 533 3382 είη
554 3314 576 3368 Ο
596 3317 708 3382 praeter
728 3317 748 3367 B
810 3321 845 3368 20
864 3313 913 3368 καὶ
926 3299 985 3370 ’ωτιά
1003 3318 1067 3379 τοῦς
1083 3317 1108 3369 Δ
1160 3319 1190 3367 22

183 3403 221 3451 πθ

226 3405 259 3506 χχ
270 3385 367 3507 γάρ24
422 3461 433 3473 „
454 3391 487 3506 χβ
508 3380 649 3466 ἐξουσίαν]
672 3385 771 3508 ούσΒίοχν
795 3401 818 3438 c.
837 3384 995 3440 Mommsen
1014 3387 1049 3442 de
1066 3386 1190 3440 tribubus

183 3471 210 3520 p.
385 3473 435 3507 τοο
481 3473 570 3508 απιτω
590 3473 619 3508 m
636 3473 691 3509 ras.
940 3477 943 3480 ’
