2538 3884
518 205 687 258 -Θ-
1044 205 1109 270 353

83 369 208 450 τιμήν,
239 367 280 451 ήν
308 367 345 433 έκ
367 377 428 433 τοῦ
449 368 572 444 παντὸς
595 361 682 450 εἶχεν
706 365 950 452 ἀναμφίλεκτον
973 370 1109 453 χρόνον,

83 472 356 559 βασιλευομένης
374 496 408 538 τε
423 471 478 538 καὶ
491 470 762 558 τυραννουμένης
775 480 832 556 τής
845 475 980 550 πόλεως.
1003 475 1110 539 πολλὰ
1125 477 1145 542 8

85 574 123 643 δὲ
147 576 211 643 καὶ
236 580 318 645 ἄλλα
340 580 471 656 τούτοις
494 579 592 662 ὅμοια
615 575 776 663 προσθεὶς
798 577 854 643 καὶ
877 579 1015 656 οὐδενὸς
1033 580 1110 646 οὐτε

84 695 216 768 πικροῦ
239 685 428 771 πράγματος
451 685 527 750 οὐτε
550 687 748 770 βλασφήμου
772 685 933 769 ὀνόματος
954 686 1111 770 φεισάμε-

86 815 157 874 νος,
176 796 346 858 τελευτῶν
364 791 493 857 έκεῑνον
511 795 559 857 ἔτι
577 789 785 876 προσέθηκεν
803 792 862 856 τὸν
880 793 993 874 λόγον,
1012 789 1064 876 ἐφ’
1084 786 1109 880 ᾧ
1138 814 1151 855 ε

87 897 236 980 μάλιστα
250 897 270 981 ή
285 901 418 983 πληθὺς
431 897 671 982 ἠγανάκτησεν,
690 897 740 961 ὀτι
753 900 876 983 χρόνον
891 895 1014 963 οὐδένα
1027 900 1110 962 παύ-

88 1019 182 1068 σεται
209 1005 429 1082 στασιάζουσα
451 1000 527 1090 περὶ
544 1005 668 1079 παντὸς
685 1004 849 1087 χρήματος
866 1004 887 1087 ή
906 1006 1012 1088 πόλις,
1035 1002 1107 1070 ἀλλ’

88 1109 156 1174 αίεί
177 1133 258 1175 τινα
280 1110 400 1193 καινήν
424 1106 477 1174 έπὶ
499 1113 624 1196 παλαιᾷ
646 1110 782 1191 νοσήσει
804 1111 919 1192 νόσον,
942 1107 1004 1186 ἕως
1027 1107 1110 1192 δνή

89 1225 156 1280 τῶν
176 1215 360 1300 δημάρχων
379 1213 511 1294 ἐξουσία
525 1212 678 1300 διαμένη·
698 1214 877 1298 διδάσκων,
896 1214 948 1279 ὀτι
961 1215 1111 1301 πράγμα-

89 1343 144 1397 τος
172 1324 301 1400 παντὸς
327 1326 500 1388 πολιτικοῦ
528 1318 583 1386 καὶ
609 1330 726 1386 κοινοῦ
748 1321 806 1398 τὰς
828 1320 930 1406 ὀρχδς
950 1326 1110 1407 προσήκει
1125 1347 1151 1387 ιο

92 1438 248 1512 σκοπεῖν,
283 1427 372 1503 ὅπως
403 1427 550 1518 εὐσεβεῖς
577 1429 708 1493 ἔσονται
735 1424 790 1491 καὶ
818 1427 950 1492 δίκαιοι.
1000 1433 1111 1512 φιλεῖν
1140 1456 1143 1471 ·
1210 1433 1213 1455 ¹

93 1533 154 1618 μὰρ
185 1532 224 1598 ἐκ
250 1529 311 1619 μὲν
334 1544 401 1598 τῶν
424 1533 563 1616 ἀναδῶν
591 1532 787 1619 σπερμάτων
813 1535 976 1617 χρηστοὺς
1002 1536 1111 1617 γίγνε-

37 1644 174 1704 8181σδαι
203 1637 261 1705 καὶ
283 1640 431 1725 εὐτύχεις
452 1643 531 1716 τοὺς
553 1640 715 1725 καρπούς,
745 1637 782 1703 έκ
803 1634 841 1703 δέ
863 1649 930 1704 τῶν
953 1650 1111 1726 πονηρῶν

94 1747 216 1822 κακοὺς
239 1744 295 1811 καὶ
318 1746 505 1833 ὀλεθρίους

157 1851 325 1918 XXXXV
355 1855 444 1936 Είμ
445 1848 482 1917 ὲν
506 1846 580 1934 οὐν,
603 1854 677 1936 ἔφη,
699 1851 759 1933 ήδε
782 1851 803 1934 ή
827 1781 911 1938 ἀρχή
934 1847 1010 1936 μεθ’
1034 1851 1111 1936 ὁμο·
1125 1873 1151 1915 15

95 1960 186 2033 νοίας
215 1959 374 2041 είσήλδεν
402 1875 450 2034 είμς
476 1959 538 2042 τήν
565 1960 664 2022 πόλιν
692 1955 745 2022 έπὶ
768 1965 813 2044 τῷ
836 1957 971 2022 πάντων
993 1957 1111 2044 ἀγαθῷ

96 2072 247 2148 παροῦσα
271 2065 334 2129 οὐν
359 2065 491 2140 οἰωνοῖς
513 2085 548 2128 τε
571 2059 628 2126 καὶ
646 2061 795 2145 ὀττείαις,
817 2067 951 2127 πολλῶν
970 2061 1012 2126 ὐν
1030 2062 1111 2146 ήμϊν

98 2165 222 2249 ἐγίνετο
247 2167 304 2234 καὶ
327 2169 478 2253 μεγάλων
502 2167 641 2251 ἀμαθῶν
665 2169 764 2250 αἰτία,
786 2169 942 2250 χαρίτων,
966 2167 1112 2254 ὁμοφρο-

97 2274 211 2360 σύνης,
230 2275 399 2359 εὐνομίας,
417 2273 562 2340 ἐλπίδων
580 2284 731 2360 χρηστῶν
745 2272 834 2356 παρὰ
848 2279 908 2336 τοῦ
922 2273 1111 2357 δαιμονίου,

98 2383 226 2465 μυρίων
255 2382 379 2447 ἄλλων·
412 2390 476 2446 νῦν
505 2378 558 2463 δέ,
585 2383 643 2464 βία
666 2379 728 2463 γάρ
752 2377 856 2462 αὐτήν
879 2379 1032 2461 εἰσήγαγε
1055 2377 1151 2446 καίεο
1248 2379 1249 2382 '

35 2485 42 2510 “
99 2491 287 2571 παρανομία
311 2485 367 2552 καὶ
390 2486 502 2563 στάσις
524 2483 580 2551 καὶ
603 2482 749 2569 πολέμου
773 2481 847 2560 δέος
869 2483 1032 2568 ἐμφυλίου
1055 2483 1110 2550 καὶ
1248 2491 1249 2504 ’

25 2611 32 2632 ·
99 2591 202 2657 πάντα
225 2594 266 2658 τά
290 2595 426 2678 ἔχθιστα
449 2591 486 2657 έν
510 2591 701 2678 ἀνθρώποις
723 2593 758 2655 τί
778 2585 840 2655 οὐν
860 2591 907 2653 ἔτι
925 2587 981 2654 καί
999 2589 1110 2674 μέλλει

102 2701 242 2781 χρηστὸν
271 2701 410 2764 ἔσεσθαί
433 2696 506 2764 ποτ’
533 2698 554 2782 ή
583 2700 746 2782 σωτήριον
769 2697 922 2772 τοιαύτας
945 2699 1111 2783 λαβούσης

102 2802 155 2880 τὰς
182 2804 297 2891 ὀρχάς;
332 2806 415 2870 ὥστε
442 2807 610 2889 περίεστιν
633 2805 713 2888 ήμῑν
738 2809 826 2868 ἴασιν
849 2802 905 2868 καὶ
928 2802 1111 2889 ἀλεξήματα

50 2915 165 2974 1888τῶν
193 2911 514 2996 ἀναβλαστανόντων
543 2909 575 2988 ἐξ
599 2910 699 2993 αὐτῆς
721 2920 832 2975 κακῶν
858 2912 977 2994 ζητεῖν,
1007 2910 1112 2978 ὁπόσα
1126 2934 1152 2975 25

103 3015 146 3090 είς
179 3016 397 3104 ἀνθρώπινον
428 3019 539 3082 πίπτει
572 3019 748 3100 λογισμόν,
785 3017 949 3101 μενούσης
978 3019 1025 3082 ἔτι
1055 3027 1113 3102 τής
1248 3001 1249 3024 ὀ

172 3248 204 3296 12
224 3243 275 3313 μὲν
294 3259 347 3300 om.
367 3245 392 3297 A
465 3251 496 3298 17
516 3250 699 3311 παριοῦσαο.
719 3241 843 3296 Sintenis
861 3239 922 3295 Em
936 3238 1018 3296 Dion
1036 3241 1093 3296 ΙΙ1
1076 3243 1109 3314 1ή

107 3308 172 3381 1και
190 3314 330 3388 ὀττείαις)
351 3316 396 3369 Bb
477 3321 510 3370 18
534 3311 644 3384 ἐγένετο
667 3331 689 3366 c.
709 3311 799 3367 Cobet
817 3312 882 3366 Obs.
902 3329 929 3380 p
946 3317 996 3366 182
1076 3317 1111 3369 20

107 3387 154 3433 νῦν
172 3384 203 3439 δὲ
223 3381 284 3440 ἐπεὶ
304 3387 352 3458 βία
372 3386 394 3440 O
413 3387 526 3456 praeter
543 3385 590 3439 Ba
661 3391 695 3439 23
714 3402 781 3437 ποτε
800 3381 865 3436 add.
883 3381 907 3434 Β
980 3387 1112 3456 21περί-

109 3465 160 3504 εστι
135 3471 176 3506 τιν
196 3455 218 3509 Ο
236 3456 366 3528 περιττόν
386 3453 546 3596 έστινυΒ
524 3455 684 3511 Sintenisl.
699 3454 718 3507 1.

156 3551 530 3598 mmsnmsmo
918 3546 951 3596 23
