2484 3876
475 195 640 246 -Η-
999 191 1061 257 12λ

83 350 171 416 ἐλθεῖν
190 349 240 418 ἐπὶ
262 351 326 436 την
347 351 445 420 θέαν·
473 354 555 420 ὅταν
577 351 607 419 δ’
635 353 673 420 ἐν
694 363 733 442 τη
756 358 850 424 πόλει
873 353 969 442 γένη,
996 367 1062 422 των

82 458 318 542 ἀναγκαιοτάτων
349 460 425 526 τινά
457 477 510 526 σοι
541 465 651 546 φίλων
681 461 839 530 κέλευσον
871 461 984 530 ἐλθεῖν
1017 463 1063 542 ὡς

81 568 136 641 τούς
152 565 295 644 ὑπάτους
318 565 372 633 καλ
392 564 437 632 δι’
460 568 657 654 ἀπορρήτων
675 572 791 655 είπελν,
814 569 865 636 δτι
883 568 1062 656 μέλλουσιν

80 669 257 738 ἐπιτίθεσθαι
288 682 331 759 τῇ
362 676 456 740 πόλει
490 674 697 742 Οὐολοῦσκοι
734 678 881 762 νύκτωρ,
916 673 972 743 καί
1009 674 1061 742 ἐπὶ

79 775 145 841 τοῦθ’
170 780 291 862 ἥκουσι
319 782 356 846 τὸ
384 783 483 867 ἔργον
511 780 641 867 ἀθρόοι.
686 777 725 849 εὑ
752 783 815 868 γὰρ
843 787 932 866 ίσθι,
959 782 1004 860 ὡς
1031 783 1062 847 εί
1087 807 1101 848 ε

81 881 137 948 τοῦτ’
165 884 347 953 ἀκούσειαν
382 883 483 953 οὐδέν
519 890 567 954 ἐτι
600 886 831 966 ἐνδοιάσαντες
862 887 1061 974 ἐκβαλοῦσιν

84 987 134 1070 ὑμᾶς
154 991 189 1056 ἐκ
218 1001 281 1076 τῆς
304 996 431 1071 πόλεως
453 991 508 1060 καὶ
529 993 729 1080 παρέξουσιν
753 993 909 1082 ἀφορμὴν
932 997 1061 1072 δικαίας

88 1094 153 1180 ὑιλι

119 1202 169 1269 ΠΙ.
200 1202 258 1284 Ὡς
289 1204 321 1272 δ’
346 1209 467 1291 ἢκουσε
496 1205 595 1274 ταῦθ’
621 1208 639 1275 ὁ
672 1209 813 1294 Τύλλος,
842 1208 1058 1295 ὑπερηγάσθη

79 1331 98 1371 τε
118 1307 161 1375 καλ
189 1315 250 1379 τὸν
278 1317 429 1399 παρόντα
458 1315 574 1400 καιρὸν
603 1324 661 1400 τῆς
695 1317 864 1402 στρατείας
894 1313 1058 1399 ἀναβαλό-
1073 1339 1099 1378 ιο

77 1436 143 1494 γενος
162 1417 237 1505 περὶ
261 1420 325 1503 την
347 1422 559 1506 παρασκευὴν
577 1420 704 1506 έγίνετο
722 1429 784 1488 τοῦ
802 1418 956 1506 πολέμου.
988 1418 1058 1486 ἐπεὶ

77 1515 99 1582 ίέ
114 1529 250 1608 καθῆκεν
275 1527 295 1593 ὁ
319 1536 375 1612 τῆς
398 1527 499 1613 ἀρχῆς
520 1531 646 1615 καιρός,
665 1524 807 1594 Ἰουλίου
825 1551 860 1593 τε
878 1525 933 1592 καλ
951 1531 1058 1591 Πινα-

76 1629 125 1708 ρίου
142 1630 199 1714 τὴν
222 1632 388 1698 ὑπατείαν
405 1635 469 1717 ἥδη
488 1635 751 1720 παρειληφότων,
774 1633 795 1717 ἡ
816 1637 971 1720 κρατίστη
990 1643 1057 1699 τῶν

77 1732 269 1804 Οὐολούσκων
292 1741 409 1824 νεότης
436 1739 468 1818 ἐξ
497 1739 624 1824 ἁπάσης
649 1741 790 1824 πόλεως,
817 1739 902 1816 ὑςὺ
931 1741 1058 1817 Τύλλος

77 1836 151 1926 ἠξίου,
169 1856 283 1932 παρῆν
307 1844 360 1911 ἐπὶ
382 1847 443 1930 την
461 1857 529 1912 τῶν
548 1845 688 1930 ἀγώνων
705 1843 804 1911 θέαν·
827 1844 884 1913 καὶ
901 1850 1056 1931 κατεσκη-
1071 1869 1096 1911 ιε

76 1965 133 2010 ανον
152 1951 185 2014 ολ
203 1957 344 2030 πλείους
366 1952 403 2019 έν
428 1954 528 2039 ίεροῑς
546 1951 653 2018 τεκαὶ
676 1955 849 2038 δημοσίοις
864 1956 977 2031 τύποις
995 1953 1057 2019 οὐκ

44 2049 173 2132 λοέχοντες
193 2059 389 2143 καταγωγὰς
413 2059 450 2126 έν
473 2062 592 2136 οἰκίαις
613 2081 648 2124 τε
670 2057 725 2124 καὶ
748 2060 835 2147 παρά
858 2057 974 2143 ξένοις,
1001 2057 1056 2124 καὶ

75 2153 145 2224 ὑτίαε
168 2165 222 2229 διδ
250 2176 320 2232 τῶν
344 2178 521 2232 στενωπῶν
544 2166 741 2250 πορεύοιντο
763 2166 845 2232 κατὰ
868 2166 1057 2250 συστροφάς

77 2260 117 2325 καὶ
137 2263 269 2356 ἑταιρίας
298 2271 419 2358 ἀθρόοι
447 2271 633 2358 διεξῄεσαν,
666 2271 747 2336 ὥστε
780 2267 835 2336 καὶ
862 2274 963 2354 λύγον
990 2272 1055 2354 ἤδη

78 2369 195 2444 λίνεσθαι
217 2376 297 2464 περὶ
320 2378 429 2444 αὐτῶν
452 2377 517 2443 ἀνὰ
539 2379 599 2462 την
622 2379 720 2444 πόλιν
742 2375 797 2443 καλ
819 2376 963 2456 ὑποψίας
981 2375 1054 2441 άτό-
1069 2401 1095 2440 ιο

76 2491 143 2552 We·
177 2481 214 2548 ἐν
242 2480 279 2549 δὲ
302 2486 406 2574 τούτῳ
428 2485 643 2570 προσέρχεται
667 2494 737 2560 τοῖς
758 2481 895 2560 ὑπάτοις
917 2482 935 2549 ὁ
958 2491 1089 2554 κατα-2

75 2589 241 2668 σιεοασθεὶς
267 2591 332 2657 ὑπὸ
360 2601 420 2657 τοῦ
446 2592 577 2657 Τύλλου
605 2590 766 2675 μηνυτής,
793 2589 838 2666 ὡς
861 2589 879 2655 ὁ
901 2590 1055 2678 Μάρκιος

76 2684 196 2781 ὑπέθετο,
214 2696 271 2763 καί
290 2698 335 2775 ὡς
353 2699 395 2781 δὴ
413 2698 601 2784 ἀπόρρητον
619 2695 740 2781 πρᾶξιν
757 2697 839 2763 κατὰ
852 2707 919 2763 τῶν
934 2694 1054 2764 ἑαυτοῦ

76 2798 154 2872 φίλων
171 2802 305 2890 ἐχθροῖς
323 2803 453 2889 μέλλων
470 2803 623 2891 ἐκφέρειν
641 2803 753 2889 ὅρκοις
771 2806 1054 2890 καταλαμβάνεται

75 2905 128 2980 τοὺς
146 2909 289 2988 ὑπάτους
310 2909 394 2999 ὑπὲρ
418 2911 598 2997 ἀσφαλείας
619 2933 653 2975 τε
675 2918 733 2994 τῆς
751 2909 850 2988 αὐτὸς
873 2911 977 2977 αὑτοῦ
998 2910 1053 2977 καλ
1067 2929 1093 2970 2⁵

75 3018 114 3073 ’θῠ
132 3016 251 3099 μηδένα
276 3018 498 3086 Οὐολούσκων
521 3024 658 3103 μαθεῖν,
686 3016 775 3093 ὅστις
801 3012 844 3100 ἦν
872 3019 973 3102 ὀπὴν
993 3021 1052 3103 μή·

75 3132 146 3182 νοσιν
161 3121 228 3189 κατ’
252 3125 362 3190 αὐτῶν
379 3123 605 3209 πεποιημένος.
641 3121 694 3187 καὶ
712 3124 792 3206 μετὰ
811 3121 899 3189 τοῦτ’
923 3122 1052 3208 ἐκφέρει

124 3313 187 3377 ὑὺς
203 3333 258 3371 om.
276 3317 299 3369 B
356 3325 387 3371 12
406 3325 455 3386 τῆς
473 3318 560 3388 ἀρχῆς
578 3314 712 3386 καιρὸςΟ
731 3321 779 3383 τῆς
798 3309 894 3385 ἐορτῆε
908 3333 933 3367 κ.
952 3331 975 3366 ο.
992 3313 1051 3382 Syl-

74 3368 124 3448 bflfss
200 3394 231 3442 15
251 3390 486 3456 κατασκηνούνΒ
572 3393 606 3440 25
625 3387 780 3453 ἀσφαλείας
801 3404 831 3438 τε
855 3403 870 3436 τ
890 3403 903 3443 ς
921 3385 1007 3462 αὑτοῦ
1026 3387 1051 3438 Α

75 3442 129 3503 ί-τν
144 3462 186 3524 τῆς
202 3459 287 3521 αὑτὸς
305 3459 433 3514 amm-‚B
506 3464 539 3512 λλ
559 3451 687 3524 ἐπιφέρει
706 3455 728 3508 Ο
749 3451 862 3521 ἐκφέρει
921 3453 982 3505 lske
