2508 3882
184 188 249 254 226
606 189 772 238 -Η-

183 349 342 433 ἡγεμόνα,
361 345 416 414 καί
434 350 483 426 είς
500 349 540 414 τὰ
558 345 726 433 Ῥωμαίων
744 348 997 434 προσεχώρησαν
1015 350 1081 432 ἒθη.
1113 346 1167 412 διέ-

184 479 287 542 μενον
305 449 368 522 οὖν
387 453 440 522 ἐπὶ
458 461 613 522 πλεῖστον
631 457 756 540 χρόνον
774 463 831 538 τῆς
851 453 973 539 ἡμέρας
990 443 1168 539 ἀγχωμάλως

184 563 222 628 αί
245 562 412 646 φάλαγγες
438 560 693 645 ἀγωνιζόμεναι,
723 558 779 625 καλ
807 559 828 643 η
856 569 916 626 τοῦ
942 563 1061 644 χωρίου
1084 560 1168 642 φάσις

185 666 358 752 ἀνώμαλος
390 661 473 733 οὖσα
506 663 671 750 ἑκατέροις
701 667 808 732 πολλὰ
839 668 886 744 είς
917 669 953 732 τὸ
985 671 1166 732 πλεονεκτεῖν

156 771 254 840 εκατ’
281 773 434 858 ἀλλήλων
461 776 642 859 παρείχετο.
688 773 724 839 οί
748 771 779 838 δ’
808 773 915 850 ἱππεῖς
941 783 1007 838 τῖον
1023 769 1200 855 Ῥωμαίωνιε

185 881 259 965 διχῇ
287 881 457 964 νείμαντες
485 877 637 962 ἑαυτούς,
665 879 701 944 οί
725 874 787 964 μὲν
813 881 895 944 κατὰ
923 880 962 944 τά
983 878 1095 961 πλάγια
1114 887 1168 941 τῶν
1208 903 1217 961 ‚¹

183 990 351 1070 πολεμίων
378 984 442 1051 ἀπὸ
470 995 530 1052 τοῦ
558 984 670 1063 δεξιοῦ
696 984 800 1071 κε’ρως
827 985 1061 1070 ἐμβάλλουσιν,
1090 984 1120 1048 οἱ
1141 979 1169 1046 δὲ

184 1095 416 1178 περιελθόντες
434 1091 490 1156 διά
503 1101 564 1157 τοῦ
577 1093 684 1176 λόφου
699 1103 768 1168 τοῖς
781 1094 920 1158 κατόπιν
935 1090 1167 1176 ἐπιρράττουσιν.
1217 1099 1218 1116 ’

148 1195 292 1263 5ἒπειθ’
318 1197 353 1264 οί
378 1192 439 1281 μὲν
461 1199 738 1276 εἰσακοντίζοντες
759 1198 817 1275 τὰς
839 1202 975 1285 λόγχας,
1004 1198 1037 1264 οί
1056 1193 1090 1262 δέ
1109 1198 1169 1271 τοὺς

145 1328 171 1370 ιο
184 1304 284 1388 ὁμόσε
303 1312 493 1390 χωροῦντας
510 1315 578 1381 τοῖς
597 1305 742 1381 ἱππικοῖς
759 1303 868 1389 ξίφεσι
885 1302 1093 1390 μακροτέροις
1108 1297 1168 1368 οὖσι
1190 1335 1193 1342 ·
1218 1297 1219 1302 ’

183 1410 265 1475 κατὰ
284 1412 473 1496 βραχιόνων
495 1413 648 1488 παίοντες
666 1409 721 1476 καλ
739 1412 828 1497 παρά
851 1412 908 1488 τὰς
931 1410 1072 1495 ἀγκύλας
1091 1430 1168 1473 κατα·
1219 1430 1220 1494 η

183 1515 356 1604 φέροντες,
378 1521 512 1583 πολλῶν
536 1513 598 1601 μὲν
618 1517 676 1594 τὰς
700 1516 941 1603 [άμυνομένας,
968 1517 989 1601 ἢ
1011 1515 1167 1588 σκεπούσας

183 1624 223 1688 τὰ
247 1624 393 1708 σώματα]
423 1636 535 1709 χεῖρας
556 1623 668 1700 αὐτοῖς
690 1624 897 1708 σκεπάσμασί
918 1647 952 1690 τε
975 1621 1028 1690 καλ
1051 1621 1163 1706 ἀμυπη-
1220 1684 1221 1710 ,

184 1733 269 1814 ρίοις
291 1728 487 1813 ἀπέκοπτον,
509 1733 653 1806 πολλοὺς
675 1725 712 1794 δὲ
735 1730 885 1813 γονάτων
907 1753 941 1796 τε
960 1727 1015 1796 καλ
1032 1725 1162 1813 ἀστραγά-

73 1855 76 1863 ·
141 1859 170 1924 ,ιε
184 1839 253 1900 λων
271 1838 410 1918 πληγαῖς
428 1838 581 1918 βαθείαις
599 1835 663 1902 ἀπὸ
686 1840 858 1921 κρατίστης
876 1837 1005 1921 βάσεως
1018 1834 1167 1922 ἐρρίπτουν

149 1940 367 2024 δὴμιθανεῖς.
420 1943 637 2027 περιειστήκει
673 1967 707 2008 τε
744 1943 912 2010 πάντοθεν
944 1955 1015 2020 τοῖς
1046 1937 1170 2006 Οὐολού-
1221 1936 1222 1984 ί

84 2072 88 2082 ·
185 2064 276 2125 σκοις
301 2049 339 2113 τὸ
367 2049 493 2114 δεινόν·
523 2047 559 2113 ἐκ
585 2044 647 2134 μὲν
677 2049 740 2134 γάρ
763 2061 830 2116 τῶν
853 2049 935 2114 κατά
960 2051 1123 2133 πρόσωπον
1142 2041 1172 2106 οἱ

183 2152 274 2234 πεζοὶ
297 2154 409 2232 αὐτοῖς
432 2151 607 2238 ἐνέκειντο,
630 2153 666 2219 ἐκ
685 2151 723 2220 δέ
740 2166 807 2220 τῶν
823 2159 975 2239 πλαγίων
994 2179 1028 2221 τε
1049 2149 1097 2218 καὶ
1116 2158 1171 2214 τῶν

183 2264 321 2328 κατόπιν
344 2262 380 2328 οἱ
407 2261 530 2344 ἱππεῖς,
556 2261 639 2326 ὥστε
667 2257 749 2347 ὑπὲρ
778 2262 922 2345 δύναμιν
951 2257 1072 2346 ἀγαθοί
1095 2256 1171 2341 γενό

143 2393 170 2434 ιο
184 2391 279 2453 μενοι
301 2366 356 2433 καί
378 2369 586 2452 πολλὰέργα
603 2371 725 2452 τόλμης
744 2391 779 2432 τε
798 2365 853 2432 καὶ
872 2366 1040 2453 ἐμπειρίας
1061 2363 1215 2430 ἀποδεῖ-1668

184 2473 331 2559 ξάμευοι,
348 2481 468 2560 μικροῦ
488 2473 559 2538 δεῖν
577 2473 696 2549 πάντες
715 2473 750 2538 οί
766 2475 802 2539 τὸ
822 2471 931 2551 δεξιόν
950 2473 1047 2561 κέρας
1063 2473 1173 2557 ἔχοντες

184 2584 418 2665 κατεκόπησαν.
455 2579 491 2646 οί
507 2577 537 2645 δ’
560 2580 597 2645 ἐν
615 2578 697 2665 μέση
716 2601 751 2644 τε
773 2588 812 2664 τῇ
834 2579 982 2664 φάλαγγι
1004 2573 1174 2661 τεταγμένοι
1193 2593 1195 2602 “

184 2686 239 2751 καὶ
262 2684 315 2752 ε’πί
338 2695 399 2753 τοῦ
422 2684 536 2769 ἑτέρου
558 2685 661 2769 κέρως
684 2684 796 2770 ἐπειδη
819 2689 857 2753 τὸ
883 2686 994 2765 δεξιόν
1015 2708 1049 2750 τε
1070 2703 1174 2767 παρερ-

184 2791 350 2877 ρηγμένον
373 2785 465 2856 εἶδον
487 2788 624 2856 καὶτὸν
647 2791 749 2857 αὐτὸν
772 2795 896 2878 τρόπον
923 2791 1074 2869 ἐπιόντας
1094 2790 1174 2873 σφίσι

98 2955 101 2960 .
144 2923 171 2964 ιε
185 2899 263 2972 τοὺς
290 2905 357 2960 τῶν
382 2893 550 2980 Ῥωμαίων
582 2897 703 2980 ἱππεῖς,
737 2895 937 2977 ἐξελίξαντες
967 2903 1043 2976 τοὺς
1071 2898 1174 2981 λόχουῖ

118 3059 124 3071 .
185 3003 292 3088 βάδην
323 3000 515 3088 ἀπεχώρουν
544 3000 597 3067 ἐπὶ
626 3004 685 3068 τὸν
713 3003 857 3090 χάρακα,
885 3004 941 3071 καὶ
970 3007 1005 3072 οί
1028 3015 1092 3070 τῶν
1111 2998 1174 3064 Ῥω-

254 3238 339 3302 2τῆς
355 3232 457 3318 ροεῖεερ
474 3229 604 3318 οδδηλιιπι
622 3231 668 3322 B!
722 3230 792 3322 θρὰ
810 3232 917 3288 add.B
990 3229 1072 3313 8διίι
1088 3227 1110 3282 Β
1126 3221 1175 3278 ἀπὸ

182 3297 1175 3498 msffissssssssss‘zf‘fflsssfiaz⁰”⁶“⁶130‘7303‘533‘⁶⁰«L2'3ffl5ssss20v223

183 3463 206 3502 ο.
225 3447 291 3500 Reis
313 3462 328 3499 e
400 3453 434 3501 25
454 3440 624 3512 ἐξελίξαντες
642 3463 730 3515 usque
749 3446 785 3499 ad
805 3443 898 3508 ἱππεῖς
915 3446 939 3499 Β
958 3446 989 3501 in
1006 3459 1067 3514 mge
