2508 3882
568 134 736 184 —H—

146 298 279 358 καλοῖεν
307 292 352 368 ὡς
379 292 673 378 ἀρχαιρεσιάσοντα
700 295 759 358 τὸν
787 295 912 378 δῆμον,
946 295 1007 360 οὐκ
1032 293 1151 380 ἐπέτρε-
1242 313 1243 390 χ

145 419 210 464 πον
241 399 277 462 οί
302 399 421 464 ὕπατοι
450 401 511 483 τὴν
541 398 695 477 ἐξουσίαν
729 403 859 485 ἔχοντες
892 409 954 466 τοῦ
985 407 1218 484 συγκαλεῖνιῖεε

146 508 224 581 τοὺς
247 507 365 590 λόχους
392 508 447 571 καί
474 506 531 582 τάς
557 508 691 590 ψήφους
714 505 923 572 ἀναδιδόναι.
969 512 1151 594 κατηγορίαι
1242 557 1243 580 ,

146 608 174 675 τ’
197 611 351 696 ἀλλήλων
370 611 520 695 ἐγίνοντο
538 610 593 677 καὶ
613 623 762 697 συνεχεῖς
780 612 957 698 ἁψιμαχίαι
977 611 1052 678 καθ’
1075 612 1150 679 ἑται·

121 715 220 803 ὁρίας
244 707 503 804 συνισταμένων,
527 718 609 784 ώστε
627 715 682 782 καὶ
700 720 827 802 πληγάς
849 718 1006 802 ἀλληλοις
1029 721 1149 784 διδόναι
1242 706 1243 772 ι

146 825 239 902 τινάς
260 823 316 890 ὑπ’
343 826 454 912 όργῆς,
483 822 538 891 καὶ
561 823 602 890 οά
625 826 753 910 μακράν
777 825 937 910 ἀποσχεῖν
959 828 1022 910 τὴν
1044 827 1148 891 στάσιν

112 932 213 997 3τῶν
236 931 355 997 ὅπλων.
401 941 502 997 ταῦτα
529 937 685 1015 μαθοῦσα
712 931 731 1014 ἡ
760 933 865 1015 βουλὴ
893 935 1002 1020 πολὺν
1030 931 1149 998 ἐσκόπει
1242 948 1243 961 ’

145 1041 281 1123 χρόνον,
304 1038 322 1101 ὅ
345 1061 377 1102 τι
398 1040 553 1122 χρήσεται
571 1049 641 1112 τοῖς
658 1037 859 1122 πράγμασιν,
882 1039 959 1103 οὔτε
978 1038 1149 1122 βιάσασθαι

146 1143 314 1226 δυναμένη
343 1145 403 1208 τὸν
432 1145 539 1228 δῆμον
567 1139 639 1208 οὔτ’
666 1139 747 1220 είξαι
770 1143 969 1228 βουλομένη.
1016 1139 1058 1228 ἦν
1080 1141 1148 1226 δή
1242 1138 1243 1154 ’

107 1264 133 1303 1⁰
146 1243 208 1331 μὲν
229 1247 458 1332 αὐθαδεστέρα
477 1251 591 1334 γνώμη
611 1249 786 1335 δικτάτορα
806 1247 942 1316 ἑλέσθαι
961 1262 1030 1316 τῶν
1047 1251 1151 1336 ἀρχαι·
1242 1280 1243 1347 χ

147 1365 268 1439 ρεσιῶν
291 1353 398 1440 ἕνεκα,
422 1356 462 1422 ὃν
485 1355 527 1422 ἀν
550 1357 695 1440 ἡγῶνται
717 1356 893 1438 κράτιστον
916 1352 1016 1422 εἶναι·
1040 1360 1094 1422 τὸν
1114 1353 1152 1421 δὲ

147 1465 291 1545 λαβόντα
318 1465 379 1547 τὴν
403 1462 556 1542 ἐξουσίαν
579 1464 657 1540 τούς
684 1485 717 1528 τε
741 1467 940 1540 νοσοποιοὺς
963 1463 1000 1528 ἐκ
1023 1473 1078 1548 τῆς
1097 1466 1152 1528 πό-
1242 1466 1243 1485 ’

147 1572 229 1644 λεώς
247 1568 381 1653 ἐξελεῖν,
401 1569 457 1636 καί
475 1576 510 1635 εί
523 1594 555 1635 τι
572 1569 755 1654 ἡμάρτηται
773 1581 844 1647 ταῖς
862 1573 1026 1656 πρότερον
1045 1569 1153 1655 ἀρχαῖς

147 1671 469 1760 ἐπανορθώσασθαι,
505 1679 564 1741 τόν
598 1699 632 1740 τε
665 1679 791 1760 κόσμον
821 1687 881 1742 τοῦ
911 1678 1152 1761 πολιτεύματος,
1242 1655 1243 1733 ί

107 1793 131 1834 1⁵
147 1778 186 1843 δν
209 1781 375 1864 βούλεται,
397 1783 687 1866 καταστησάμενον
714 1782 855 1868 ἀνδράσι
883 1794 952 1860 τοῖς
974 1786 1154 1869 κρατίστοις
1242 1843 1243 1879 χ

109 1883 331 1952 4ἀποδοῦναι
353 1889 411 1964 τάς
434 1887 542 1973 ἀρχάς.
588 1888 609 1971 ἡ
634 1885 663 1952 δ’
689 1886 908 1974 ἐπιεικεστέρα
931 1892 1155 1972 μεσοβασιλεῖς
1242 1888 1243 1927 ¹

146 1989 281 2058 ἑλέσθαι
299 1995 378 2068 τοὺς
396 1994 641 2079 πρεσβυτάτους
659 2017 693 2058 τε
711 1992 767 2059 καί
785 1995 1001 2078 τιμιωτάτους
1023 1996 1154 2080 ἀνδρας,

146 2089 196 2175 οἷς
219 2095 369 2183 ἐπιμελές
391 2102 480 2165 ἔσται
504 2101 543 2164 τά
566 2097 641 2185 περὶ
663 2101 721 2175 τάς
743 2099 856 2185 ἀρχάς,
879 2100 967 2175 ὅπως
988 2100 1155 2182 κράτισται

144 2203 359 2291 γενήσονται,
395 2213 645 2293 προνοηθῆναι,
677 2208 736 2270 τὸν
760 2206 861 2271 αὐτὸν
890 2209 1026 2292 τρόπον,
1059 2207 1156 2290 ὅνπερ

106 2329 132 2368 20
147 2312 200 2380 ἐπὶ
227 2325 295 2380 τών
322 2311 488 2402 βασιλέων
515 2322 582 2377 τῶν
610 2311 813 2377 ἐκλιπόντων
846 2309 1006 2393 ἐγίνοντο.
1056 2313 1155 2398 ταύτῃ

145 2418 385 2507 προσθεμένων
414 2427 453 2504 τῇ
488 2421 604 2504 γνώμη
634 2428 700 2484 τών
729 2421 893 2482 πλειόνων
923 2417 1214 2484 ἀποδείκνυταιιῖεε

145 2529 227 2614 πρὸς
259 2527 370 2592 αὐτῶν
403 2529 641 2611 μεσοβασιλεὺς
668 2519 780 2600 Αὖλος
806 2525 1024 2609 Σεμπρώνιος
1046 2520 1156 2609 Ἀτρα-

111 2632 247 2708 ὃτῖνος·
272 2635 309 2697 αί
330 2631 360 2698 δ’
382 2635 480 2699 ἀλλαι
502 2634 733 2716 κατελύθησαν
757 2629 862 2716 ἀρχαί.
909 2626 1006 2706 οὗτος
1030 2629 1156 2717 ἐπιτρο-

144 2739 267 2812 πεόσας
290 2740 350 2820 την
372 2741 471 2804 πόλιν
494 2739 713 2803 ἀστασίαστον
737 2737 816 2813 ὅσας
843 2735 919 2819 ἐξῆν
946 2733 1069 2821 ἡμέρας
1091 2736 1155 2802 ἕτε-

104 2861 130 2902 εο
145 2867 206 2926 ρον
239 2841 491 2927 ἀποδείκνυσιν,
525 2845 634 2927 ὥσπερ
667 2841 779 2918 αὐτοῖς
810 2845 889 2919 ἔθος
915 2837 974 2925 ἦν,
1006 2846 1155 2928 Σπόριον

143 2950 301 3036 Λάρκιον.
347 2947 499 3026 κάκεῖνος
522 2947 724 3033 συγκαλέσας
747 2951 808 3033 τὴν
831 2954 959 3034 λοχῖτιν
982 2946 1154 3032 ἐκκλησίαν

217 3116 229 3162 1
251 3105 500 3176 ἀρχαιρεσιάζοντα
519 3107 571 3160 ΑΒ
658 3113 675 3160 4
695 3101 821 3176 ἐγίνοντο
841 3112 965 3175 συνεχεῖς
983 3105 1032 3159 καὶ
1051 3105 1151 3176 ἁψιμα-

144 3184 203 3252 χίαι
222 3198 244 3234 ο.
265 3177 408 3247 Kiessling
490 3186 521 3234 17
542 3198 571 3233 τε
590 3179 638 3232 καὶ
656 3175 838 3248 τιμιωτάτους
857 3194 910 3231 0111.
930 3178 952 3229 B
1031 3182 1065 3231 20
1085 3172 1152 3231 ἐκλι-
1242 3208 1243 3247 η

143 3252 254 3307 πόντων
272 3250 349 3304 ABa
369 3245 553 3304 ἐκλειπόντων
573 3251 617 3303 Bb
695 3256 727 3303 21
748 3249 969 3302 ἀποδείκνυνται
987 3247 1066 3302 ABG
1085 3265 1150 3303 corr.
1242 3258 1243 3263 ’

144 3324 218 3394 Omg
327 3329 360 3376 22
380 3323 569 3393 μεσοβασιλεῖς
592 3320 672 3375 ABG
696 3337 765 3373 corr.
786 3315 859 3387 Omg
882 3321 1150 3374 ἀποδείκνυνται-

144 3397 343 3466 μεσοβασιλεῖς,
362 3402 470 3464 πρῶτος
488 3392 539 3462 μὲν
558 3389 645 3454 Αὖλος
664 3409 686 3445 c.
706 3389 848 3458 Kiessling
