2484 3876
9 201 11 334 η
498 219 660 268 -ι-
1022 217 1083 282 ιοι

9 383 10 452 ]
78 374 215 456 Λάρκιος
240 376 390 453 Φλαύιος
412 377 451 443 τὸ
474 377 642 460 δεύτερον.
687 376 826 464 ταραχαὶ
848 377 889 445 δέ
908 402 997 458 τινες
1018 375 1087 446 ἐνί-

9 471 10 528 Ῐ
76 501 189 546 πιττον
212 479 250 546 ἐκ
273 483 440 566 δειμάτων
462 485 647 568 δαιμονίων
667 492 706 570 τη
724 487 819 551 πόλει
839 489 971 572 συχναί·
995 487 1088 565 ὄψεις

9 595 11 680 η
76 609 105 650 τε
131 587 194 671 γὰρ
226 587 290 653 οὐκ
319 590 475 654 εἰωθυῖαι
504 587 682 675 ἐφαίνοντο
710 595 862 674 πολλοῖς,
891 589 947 658 καί
975 590 1087 677 φωναί

9 683 11 758 ἐ
76 691 230 774 ἠκούοντο
263 693 403 772 ούδενὸς
432 696 528 772 ὄντος
556 704 616 762 τοῦ
645 696 898 782 φθεγγομένου,
929 702 1030 782 γοναί
1054 695 1082 764 τ’

76 796 261 884 ἀνθρώπων
289 798 343 864 καὶ
371 801 590 886 βοσκημάτων
615 803 702 867 πολὺ
729 801 765 868 ἐκ
792 812 853 869 τοῦ
877 804 1086 889 κατὰφύσιν
1113 826 1127 868 ε

76 902 281 988 ἐκβεβηκυῖαι
303 907 352 983 είς
373 908 411 972 τὸ
432 908 571 973 άπιστύν
589 929 624 973 τε
642 904 698 973 καί
715 909 896 991 τερατῶδες
914 907 1086 994 ἐφέροντο,

75 1014 212 1094 χρησμοί
237 1007 267 1077 τ’
294 1008 417 1098 ᾔδοντο
441 1010 479 1077 ἐν
499 1017 636 1090 πολλοῖς
657 1015 808 1099 χωρίοις,
834 1011 890 1080 καὶ
911 1022 1087 1099 θειασμοῖς

75 1117 199 1201 κάτοχοι
232 1129 388 1200 γυναῖκες
417 1119 549 1202 οέκτρδς
577 1117 797 1204 ἐμαντεύοντο
824 1117 880 1186 καί
908 1121 1021 1198 δεινὰς
1046 1129 1086 1207 τῇ

74 1225 159 1288 πόλει
190 1223 302 1308 τύχας.
347 1224 454 1307 ἥψατο
487 1223 529 1290 δέ
553 1247 603 1302 τις
630 1223 687 1291 καὶ
715 1227 816 1302 νόσος
844 1235 906 1292 τοῦ
934 1225 1121 1310 πληθονς2

75 1330 200 1413 λοιμικὴ
224 1327 282 1394 καὶ
303 1331 432 1414 πολλὴν
455 1329 587 1414 ἐποίησε
610 1331 828 1416 βοσκημάτων
851 1333 1000 1418 φθοράν·
1029 1332 1087 1398 ἀν·
1102 1357 1128 1396 ιο

9 1493 10 1518 ,
75 1435 216 1515 θράπων
240 1432 354 1518 μέντοι
376 1436 523 1513 θάνατος
545 1435 587 1502 ού
610 1439 715 1514 πολὺς
738 1434 883 1521 ἐγένετο,
910 1435 983 1504 ἀλλ’
1010 1438 1087 1523 άχρι

9 1565 11 1574 ’
75 1542 179 1605 νόσων
206 1542 246 1607 τὸ
274 1541 388 1606 δεινὸν
415 1540 596 1628 ἐχώρησεν·
622 1551 693 1618 τοῖς
715 1537 776 1627 μέν
799 1543 841 1626 δὴ
864 1540 956 1608 ταῦτ’
980 1541 1087 1608 ἐδόκει

9 1647 10 1660 ³
75 1647 150 1710 κατὰ
172 1652 260 1711 θεοῦ
283 1643 442 1730 γενέσθαι
464 1649 602 1731 γνώμην
624 1659 840 1732 νεμεσῶντος,
863 1648 914 1713 ὅτι
937 1649 997 1714 τὸν
1015 1649 1087 1734 άρι-

9 1767 153 1840 ιιιεστον
184 1762 254 1816 τῶν
286 1756 432 1818 πολιτῶν
464 1752 627 1836 ἐξήλασαν
657 1761 716 1837 τῆς
744 1754 919 1838 πατρίδος,
953 1765 1024 1832 τοῖς
1052 1752 1082 1819 δ’

9 1913 10 1916 ,
75 1854 172 1922 οὐθὲν
200 1868 269 1922 τῶν
296 1855 483 1942 γινομένων
510 1864 595 1925 θεοῦ
623 1859 739 1944 ἔργον,
767 1857 852 1925 ἀλλὰ
878 1861 1004 1946 τυχηρὰ
1031 1857 1086 1926 καὶ
1101 1885 1127 1926 15

75 1973 170 2029 ταῦτα
193 1961 250 2029 καλ
272 1957 375 2029 τᾶλλα
395 1963 502 2029 πάντα
520 1963 713 2051 ἀνθρώπεια
731 1960 818 2030 εἶναι
836 1965 939 2050 πάθη.
976 1967 1081 2032 ἔπειθ’
1101 1967 1121 2031 3

76 2064 130 2151 ἧκέ
144 2094 194 2147 τις
217 2066 272 2135 ἐπὶ
289 2071 327 2135 τὸ
348 2066 526 2153 συνέδριον
544 2080 601 2154 της
618 2074 743 2155 βουλῆς
760 2071 929 2154 ἄρρωστος
946 2069 1000 2137 ἐπλ
1018 2076 1087 2138 κλι-
1106 2071 1116 2121 “·

76 2177 179 2266 νχδίου
198 2177 423 2259 κομιζόμενος,
447 2179 543 2252 Τῖτος
556 2179 713 2253 Λατίνιος
731 2177 848 2262 ὄνομα,
864 2179 1087 2262 πρεσβύτερός

76 2277 100 2344 τ’
128 2280 214 2366 ἀνὴρ
242 2279 296 2346 καὶ
325 2281 440 2359 οὐσίας
465 2281 580 2365 ἱκανῆς
607 2283 737 2367 κύριος,
764 2282 949 2368 αὐτουργὸς
972 2277 1009 2346 δέ
1031 2280 1086 2347 καὶ

76 2388 128 2451 τὸν
154 2390 258 2452 πλείω
285 2389 409 2473 χρόνον
436 2397 498 2454 τοῦ
525 2391 603 2471 βίου
627 2391 691 2467 ζῶν
714 2387 751 2454 ἐν
774 2387 875 2476 ἀγρῷ.
919 2383 1017 2464 οὗτος
1039 2389 1086 2465 είς
1100 2414 1127 2454 ιο

76 2494 129 2576 την
151 2494 281 2578 βουλὴν
304 2491 453 2579 ἐνεχθεὶς
475 2496 538 2578 ἐφη
562 2493 657 2572 δόξαι
679 2491 759 2560 καθ’
778 2494 887 2561 ὕπνον
910 2493 1087 2560 ἐπιστάντα

77 2601 127 2664 τὸν
149 2600 364 2665 Καπιτώλιον
387 2601 456 2664 Δία
478 2598 587 2684 λέγειν
611 2599 713 2688 αύτιβ·
738 2598 823 2684 Ἴθι,
850 2602 1003 2684 Λατίνιε,
1030 2598 1086 2666 καλ
1156 2577 1171 2600 ⁸

77 2703 142 2789 λέγε
173 2717 245 2782 τοῖς
275 2709 439 2788 πολίταις,
471 2705 523 2770 ὅτι
552 2729 608 2790 μοι
635 2716 693 2790 τῆς
719 2703 839 2772 νεωστὶ
870 2716 1001 2792 πομπῆς
1027 2709 1087 2774 τὸν

76 2809 258 2896 ἡγούμενον
282 2811 447 2896 ὀρχηστὴν
470 2811 511 2877 οὐ
534 2813 637 2877 καλὸν
660 2813 805 2897 ἔδωκαν,
827 2810 872 2878 ἵν’
894 2811 1087 2878 ἀναθῶνται

76 2919 125 2996 τὰς
148 2916 266 3003 ἑορτάς
287 2915 343 2982 καὶ
366 2915 400 2996 ἐξ
423 2916 524 3004 ἀρχῆς
547 2915 658 3005 ἑτέρας
681 2916 925 2984 ἐπιτελέσωσιν·
958 2917 999 2984 ού
1021 2918 1085 3004 γὰρ
1099 2944 1127 2984 τε
1231 2977 1232 3000 ,

1231 3021 1232 3054 λ

139 3115 154 3163 b
174 3105 193 3176 ἢ
206 3106 393 3200 βοσκημάτων
408 3106 430 3163 0
445 3109 494 3163 καέ
508 3108 691 3191 βοσκημάτων
706 3107 828 3192 ὃίηέιεωὶε
838 3109 898 3168 Em.
909 3109 992 3166 Dion
1002 3108 1041 3162 III
1054 3115 1084 3188 1¹1

78 3184 105 3232 15
126 3177 242 3252 ἀλλ<α>
263 3221 268 3233 .
286 3222 291 3234 .
308 3223 313 3235 .
332 3188 435 3248 ταῦτα,
458 3196 556 3234 rasura
580 3182 720 3249 sequltur,
742 3198 772 3235 m
791 3197 848 3250 qua
865 3181 914 3236 καλ
932 3179 1027 3262 πάντα
1043 3196 1085 3231 τι·

77 3249 171 3304 dentur
190 3249 298 3320 scripta
315 3250 412 3315 fuisse,
431 3250 533 3305 deinde
552 3249 646 3306 πάντα
664 3252 831 3376 ἀνθδώπεια
844 3251 891 3305 Ba
909 3250 980 3304 ἀλλὰ
996 3256 1085 3303 ταῦτα

77 3322 161 3376 πάντα
184 3321 232 3376 Bb
256 3321 363 3392 τοχηρδι
385 3321 435 3376 καλ
453 3322 527 3392 Cmg
549 3322 598 3376 καλ
615 3321 701 3376 τάλλα
746 3339 795 3391 mg
869 3327 900 3376 18
924 3319 1085 3381 ΛατῖνοςΟ

77 3396 203 3456 Λατίνιος
224 3391 369 3462 Kiessling
440 3398 474 3446 22
498 3397 601 3446 Λατῑνε
623 3408 678 3446 ras.
703 3408 737 3446 ex
759 3392 874 3445 Λατίνιε
896 3388 920 3440 Β
992 3396 1026 3444 23
1052 3396 1085 3461 τῇ

79 3493 106 3506 -
123 3470 221 3534 πομπῇ
242 3465 263 3517 O
283 3470 332 3533 της
350 3493 385 3503 -
403 3469 516 3532 πομπῆς
534 3460 662 3515 Hertlein
680 3461 796 3513 Hermes
815 3459 841 3510 X
859 3464 911 3510 41⁷
