2496 3878
516 219 678 267 -Ζ-
1062 211 1102 279 71

101 377 200 440 ἄλλων
227 374 405 460 δημάρχων
427 375 448 440 ά
470 381 669 463 παραλιπεῖν
696 376 810 453 αὐτοῖς
839 375 965 455 ἐκεῖνος
992 376 1101 443 ἐδόκει

102 481 419 566 συναγορευσάντων,
442 482 555 567 ἐπειδὴ
579 484 712 568 γνώμας
735 485 802 548 ἔδει
820 487 900 561 τοὺς
916 481 1101 571 συνέδρους

101 587 347 672 ἀποφαίνεσθαι,
369 599 494 673 πρῶτοι
517 586 579 673 μέν
601 591 637 655 οί
655 591 875 676 πρεσβύτατοι
898 601 965 656 τῶν
987 590 1102 656 ὑπατι-

99 705 157 758 κῶν
183 695 383 779 καλούμενοι
415 696 496 761 κατά
527 697 587 762 τὸν
613 698 757 762 είωθότα
788 699 914 781 κόσμον
942 695 1007 762 ὑπὸ
1035 707 1103 762 τών

52 799 221 864 ιιιοὺπάτων
239 799 428 886 ἀνίσταντο,
450 799 556 867 ἔπειθ’
579 803 615 868 οί
629 802 757 868 τούτων
777 799 1009 887 ὑποδεέστεροι
1026 799 1097 868 κατ’
1129 823 1143 866 ι

98 908 184 990 άμφω
208 914 322 990 ταῦτα,
345 912 527 973 τελευταῖοι
546 905 576 971 δ’
600 909 635 973 οί
654 909 812 974 νεώτατοι
835 911 938 991 λόγον
960 903 1022 991 μὲν
1045 908 1102 974 ού-

95 1010 170 1077 θὲνα
192 1009 359 1095 λέγοντες·
383 1015 430 1079 ἐτι
449 1015 512 1101 γάρ
531 1009 574 1098 ἦν
595 1010 642 1080 δι’
664 1015 823 1100 αἰσχύνης
844 1017 917 1080 τότε
931 1010 1102 1098 Ῥωμαίοις

95 1128 197 1199 τοῦτο,
226 1116 282 1183 καὶ
304 1116 380 1195 νέος
402 1117 514 1197 οὐδεὶς
540 1118 635 1202 ἠξίου
659 1117 778 1185 ἑαυτὸν
801 1119 993 1205 σοφώτερον
1015 1114 1101 1184 εἶναι

93 1225 286 1310 πρεσβύτου·
315 1223 498 1310 ἐπεκύρουν
521 1221 558 1290 δὲ
580 1226 639 1302 τὰς
665 1221 817 1310 κειμένας
839 1225 904 1290 ὑπὸ
927 1235 994 1290 τών
1017 1223 1101 1290 ὑπα-

18 1391 19 1394 ,
93 1341 182 1396 τικών
205 1331 350 1415 γνώμας.
396 1332 498 1398 ἅπασι
521 1327 559 1397 δέ
580 1331 816 1418 προσετάττετο
838 1341 996 1418 παριοῦσι
1017 1300 1142 1415 καθ-,20

93 1438 164 1523 άπερ
183 1436 225 1502 ἐν
248 1440 448 1528 δικαστηρίῳ
472 1435 548 1523 μεθ’
572 1437 674 1525 ὅρκου
700 1438 763 1522 τὴν
785 1447 900 1523 ψηφον
923 1434 1101 1522 ἐπιφέρειν.

18 1569 20 1640 ρ
86 1539 216 1620 Ἀπτιιος
235 1539 297 1626 μέν
315 1538 379 1610 οὖν
392 1545 572 1628 Κλαύδιος,
588 1539 673 1630 ὑπὲρ
692 1539 733 1608 οὗ
751 1541 985 1628 καὶπρότερον
1005 1545 1101 1628 ἔφην,

92 1649 135 1713 ότι
150 1650 418 1733 μισοδημότατος
434 1644 478 1733 ἧν
495 1661 563 1715 τῶν
581 1652 764 1735 πατρικίων
781 1651 837 1714 καί
856 1645 1013 1714 οὐδέποτε
1030 1660 1102 1726 ταῖς

18 1773 19 1792 κ
89 1758 161 1840 πρὸς
183 1758 226 1822 τὸ
250 1757 429 1840 δημοτικὸν
451 1753 606 1841 ἠρέσκετο
630 1758 833 1839 διαλλαγαῖς,
856 1754 918 1820 οὐκ
940 1759 992 1819 εία
1010 1752 1101 1838 γενέ-

91 1867 161 1926 σθαι
183 1865 227 1927 τὸ
249 1863 483 1946 προβούλευμα
506 1863 670 1938 τοιούτοις
692 1866 804 1946 λόγοις
825 1862 1003 1946 χρώμενος.
1114 1887 1139 1928 ιι

144 1966 366 2032 XXXXVIII.
394 1965 603 2052 Ἐβουλόμην
626 1964 730 2053 (μὲν)
754 1967 795 2033 δν
823 1969 926 2050 ἔγωγε
954 1964 1100 2042 καὶτοῖς

88 2078 172 2150 θεοῖς
198 2071 354 2158 ηὐξάμην
381 2074 539 2152 πολλάκις
569 2073 712 2158 ἐμαυτὸν
735 2069 796 2157 μὲν
819 2072 977 2158 ἁμαρτεῖν
1001 2073 1100 2157 <τῆς>

18 2163 20 2238 ἶ
89 2180 232 2264 γνώμης,
259 2179 302 2261 ἣν
329 2174 420 2263 εἶχον
449 2176 532 2266 ὑπὲρ
559 2191 627 2246 τῶν
654 2182 736 2265 πρὸς
763 2181 823 2245 τὸν
850 2179 957 2262 δῆμον
985 2177 1100 2243 διαλύ-

18 2239 20 2322 ἐ
89 2301 180 2370 σεων,
213 2285 260 2361 ὡς
288 2285 365 2350 οὔτε
393 2287 498 2370 καλην
521 2285 576 2351 καὶ
604 2287 738 2353 δικαίαν
760 2286 838 2352 οὔτε
861 2282 1099 2369 συμφέρουσαν

18 2355 20 2492 β
88 2390 156 2474 ἡμῖν
174 2392 417 2475 ὑπελάμβανον
436 2394 573 2458 ἔσεσθαι
596 2394 743 2477 τὴντῶν
763 2391 924 2478 φυγάδων
946 2389 1097 2454 κάθοδον
1111 2415 1139 2456 κο

18 2495 20 2574 j
47 2495 133 2561 ιιιικαὶ
154 2499 214 2562 διὰ
239 2500 374 2581 παντός,
397 2497 510 2574 ὁσάκις
527 2496 602 2584 περὶ
623 2499 743 2564 τούτου
761 2495 929 2583 προύτέθη
949 2505 1098 2578 σκοπεῖν,

18 2575 20 2672 ἶ
88 2607 208 2687 πρῶτός
233 2625 267 2667 τε
290 2614 358 2668 τῶν
381 2604 493 2668 άλλων
515 2602 571 2669 καὶ
599 2609 760 2670 τελευτῶν
782 2606 900 2687 μόνος,
927 2601 1041 2685 ἐπειδη
1065 2603 1102 2667 οί

18 2675 20 2730 Ι
89 2707 188 2774 λοιποὶ
222 2705 431 2792 ἀπέστησαν,
460 2710 700 2794 ἠναντιούμην·
731 2709 818 2792 ὑμᾶς
847 2705 893 2793 δ’,
923 2703 949 2772 ὦ
980 2711 1098 2792 βουλή,

18 2825 20 2846 '
89 2817 154 2892 τοὺς
172 2812 230 2880 ἐπὶ
248 2814 290 2878 τά
307 2817 444 2899 κρείττω
462 2815 523 2900 την
543 2815 660 2882 ἐλπίδα
678 2815 909 2900 λαμβάνοντας
922 2813 977 2880 καὶ
990 2816 1098 2881 πάντα

18 3025 20 3048 =
148 2978 164 3024 3
183 2969 375 3094 πρεσβύτατοι
395 2971 444 3025 καὶ
463 2965 636 3053 ἐντιμότατοι
653 2979 709 3026 τῶν
733 2989 756 3026 ο.
775 2970 908 3025 Gelenius
1000 2978 1015 3025 9
1036 2966 1098 3026 ἐπε-

18 3059 20 3160 ι
89 3039 181 3166 καί
205 3037 494 3166 κακκάβια
508 3042 842 3167 κεκράκτα
859 3042 1099 3168 Οααοκκ

91 3179 144 3236 Obs.
162 3201 192 3252 p.
210 3133 266 3237 143
285 3189 288 3250 Ι
309 3181 346 3236 δν
366 3183 421 3239 del.
439 3155 583 3237 Meutzne}
600 3155 701 3238 Anndl.
720 3183 790 3252 phil.
806 3190 875 3240 1882
894 3201 920 3252 p.
937 3134 989 3238 ἔθ’(
1063 3189 1098 3237 17

90 3259 129 3320 τῆς
145 3253 212 3308 add.
232 3252 379 3322 Kiessling
470 3259 503 3308 19
523 3252 571 3326 ὣς]
591 3251 621 3316 ὃς
637 3253 783 3308 Μοοιτιιοτ
799 3254 818 3308 l.
838 3255 866 3323 l.,
886 3253 975 3308 Cobet
993 3253 1048 3310 del.
1068 3256 1099 3308 et

90 3325 180 3412 poqtea
198 3343 225 3414 ρ.
246 3331 282 3379 20
300 3324 509 3448 ύπολαμςρὶνων
528 3325 627 3414 scripit
699 3331 733 3379 20
752 3324 863 3415 ἡμῖνύ
880 3326 946 3392 ύμῖν
965 3325 990 3377 R
1062 3330 1096 3378 21

92 3391 177 3457 ότακις
196 3395 271 3450 ανΟ
290 3398 405 3465 praeter
458 3398 462 3466 Ι
478 3399 635 3467 προσετεθη
651 3397 672 3449 Β
722 3403 757 3450 23
775 3397 847 3464 ύμας
864 3412 894 3446 τε
913 3393 936 3446 0
955 3409 1024 3447 corr.
1045 3394 1097 3446 Oa-

18 3455 20 3548 }
93 3465 224 3520 sanbonns
