2508 3882
127 200 194 264 202
551 203 718 251 -Η-

126 364 232 448 χειρίμ
255 363 328 426 τότε
354 371 416 428 τοῦ
438 363 520 427 κατά
543 370 601 446 τῆς
622 364 781 447 πατρίδος
804 363 909 428 ἅπτου
932 359 1093 446 πολέμου,
1121 361 1143 445 ή
1251 367 1252 378 ’

125 469 163 532 τὸ
196 469 421 552 μητροκτόνον
453 468 533 550 άγος
569 467 767 551 αἰδούμενος
806 462 895 545 είξον
926 476 964 552 τῇ
998 479 1145 534 σεαυτοῦ

90 570 224 658 3μητρδ
247 570 302 638 καί
326 574 394 656 δός,
417 567 443 637 ὦ
468 571 597 657 τέκνον,
619 576 680 659 τήν
698 573 796 659 χάριν
815 570 907 640 ἑκών.
953 576 1060 658 νόμον
1079 571 1143 658 μὲν

124 674 232 764 <οὖν>
246 681 355 763 τόνδε,
374 677 414 744 ὃν
434 677 549 756 οὐθείς
566 681 697 746 πώποτε
715 677 829 744 ἀνελεῖ
844 681 975 765 χρόνος,
993 681 1142 766 τιμωρὸν

97 783 176 851 εκαί
202 787 375 871 σύμμαχον
399 787 519 872 ἔχουσα
544 784 604 851 οὐκ
628 783 719 869 ἀξιῶ,
741 786 886 870 Μάρκιε,
914 789 999 869 μόνη
1021 798 1141 871 τιμῶν,

124 891 163 969 ἃς
181 887 278 970 οὗτός
295 916 351 976 μοι
370 892 522 975 δίδωσιν,
544 893 681 977 ἄμοιρος
699 891 736 958 ἐκ
755 901 817 958 σοῦ
836 890 1007 975 γενέσθαι·
1030 896 1141 979 ἔργων

123 995 161 1063 δὲ
187 1010 339 1085 χρηστῶν
362 999 580 1083 ὑπομνήσεις,
609 995 653 1063 ἵν’
681 998 754 1084 ἀφῶ
782 1001 842 1065 τὸν
869 1001 993 1083 νόμον,
1021 1003 1142 1065 σκόπει

121 1105 222 1170 πάλιν
245 1104 290 1182 ὡς
311 1106 435 1182 πολλὰς
456 1103 512 1170 καὶ
534 1105 689 1188 μεγάλας·
718 1106 790 1188 ήτις
813 1107 963 1191 ὀρφανὸν
985 1105 1051 1171 ὑπὸ
1075 1117 1140 1172 τοῦ
1252 1144 1253 1200 3

121 1212 244 1297 πατρὸς
261 1209 524 1295 καταλειφθέντα
542 1227 579 1276 σε
596 1215 834 1297 παραλαβοῦσα
848 1213 970 1295 νήπιον
984 1209 1139 1296 διέμεινα
1252 1227 1253 1252 ³

83 1314 176 1382 ιοέπλ
206 1314 260 1382 σοὶ
288 1320 374 1402 χήρα
404 1315 458 1382 καί
488 1320 566 1394 τοὺς
595 1316 649 1384 ἐπὶ
677 1327 736 1402 τῆς
763 1320 1003 1404 παιδοτροφίας
1032 1317 1211 1402 &miv-162⁷

121 1428 224 1509 τλησα
246 1425 387 1507 πόνους,
415 1422 455 1488 οὐ
483 1424 589 1509 μήτηρ
612 1425 734 1508 μόνον,
761 1421 845 1488 ἀλλὰ
872 1421 927 1488 καί
950 1426 1056 1511 πατήρ
1080 1422 1139 1491 καὶ

120 1531 245 1615 τροφὸς
270 1527 325 1594 καί
352 1528 480 1614 ἀδελφή
508 1527 563 1594 καί
590 1529 697 1594 πάντα
725 1530 764 1596 τά
791 1529 931 1613 φίλτατά
959 1547 1012 1597 σοι
1040 1555 1139 1614 γενο-

84 1634 213 1719 4μένη.
263 1635 376 1720 ἐπειδή
407 1631 437 1700 δ’
471 1637 519 1713 είς
553 1638 678 1723 ἄνδρας
706 1632 827 1721 ήλθες,
863 1635 939 1715 έξύν
970 1660 1027 1721 μοι
1058 1640 1136 1702 τότε

120 1739 331 1826 ἀπηλλάχθαι
348 1751 416 1805 τῶν
434 1743 624 1827 φροντίδων
644 1739 742 1832 ἕτέρφ
761 1740 954 1827 γημαμένην
968 1740 1023 1807 καὶ
1037 1741 1135 1828 ἕτερα

80 1869 105 1908 ιτ
118 1843 216 1911 τέκνα
257 1844 437 1932 ἐπιθρέψαι
476 1845 532 1914 καὶ
571 1850 697 1926 πολλάς
733 1851 960 1936 γηροβοσκοὺς
997 1847 1135 1927 ἐλπίδας

99 1950 241 2038 ’ἐμαυτή
269 1958 478 2036 καταλιπεῖν,
505 1955 566 2021 οὐκ
592 1956 805 2040 ἠβουλήθην,
836 1952 908 2021 ἀλλ’
936 1958 1049 2040 ἔμεινα
1077 1954 1134 2021 ἐπὶ

117 2067 174 2142 τής
197 2057 296 2142 αύτής
319 2056 428 2137 ἑστίας
449 2057 504 2125 καὶ
526 2064 586 2127 τὸν
609 2061 711 2127 αὐτὸν
736 2060 870 2146 ἔστερξα
893 2065 985 2146 βίον,
1015 2060 1052 2127 ἐν
1076 2060 1133 2128 σοὶ

117 2169 209 2256 μόνφ
232 2167 338 2244 πάσας
359 2173 491 2233 τιθεῖσα
514 2168 571 2245 τὰς
594 2166 735 2252 ἐμαυτῆς
761 2167 886 2251 ήδονάς
907 2191 942 2234 τε
965 2165 1020 2233 καὶ
1044 2168 1134 2252 ὠφε·

116 2276 218 2350 λείας·
247 2267 294 2338 ὧν
322 2274 464 2352 ἔψευσάς
490 2297 530 2357 με
553 2275 592 2338 τά
615 2270 677 2358 μὲν
700 2276 803 2357 άντων,
832 2275 872 2339 τά
896 2271 926 2339 δ’
955 2271 1051 2358 ἑκών,
1074 2272 1132 2339 καὶ

75 2403 103 2441 ιο
116 2391 232 2446 πασῶν
268 2379 489 2466 ἀτυχεστάτην
526 2378 682 2464 ἐποίησας
717 2379 877 2466 μητέρων.
930 2391 1029 2446 ποῖον
1065 2382 1132 2467 γάρ

115 2490 255 2571 χρόνον,
284 2484 341 2572 ἀφ’
368 2482 408 2553 οὗ
432 2503 468 2552 σε
491 2488 539 2563 είς
561 2487 686 2569 ἄνδρας
707 2488 852 2570 ήγαγον,
875 2488 956 2553 άνευ
980 2487 1087 2570 λύπης
1110 2486 1131 2571 ή

114 2595 224 2677 φόβου
252 2591 434 2675 διετέλεσα,
466 2591 486 2675 ή
513 2596 593 2657 πότε
625 2593 744 2677 ίλαρδιν
772 2595 872 2677 ἔσχον
905 2591 958 2658 ἐπὶ
986 2589 1040 2658 σοὶ
1067 2595 1132 2678 τήν

113 2700 224 2783 ψυχὴν
244 2696 408 2780 πολέμους
427 2695 479 2762 ἐπὶ
497 2695 653 2781 πολέμοις
678 2697 856 2765 στέλλοντα
880 2698 991 2786 δρῶσά
1018 2715 1054 2764 σε
1073 2697 1131 2764 καὶ

114 2803 218 2887 μάχας
237 2801 290 2866 ἐπὶ
308 2802 426 2886 μάχαις
444 2799 689 2887 ἀναιρούμενον
707 2803 762 2870 καὶ
780 2801 939 2891 τραύματ’
958 2802 1010 2870 ἐπὶ
1028 2807 1132 2891 τραύ-

73 2931 100 2972 ει
114 2924 193 2992 μασι
217 2907 441 2991 λαμβάνοντας

180 3011 251 3077 LII.
289 3009 374 3078 Ἀλλ’
397 3010 429 3091 ἐξ
449 3007 490 3078 οὗ
509 3010 700 3080 ἐπολιτεύου
718 3013 773 3081 καὶ
793 3017 832 3082 τὰ
849 3016 946 3083 κοινά
965 3017 1131 3101 ἔπραττες,

184 3175 202 3224 4
221 3165 271 3224 ούν
291 3169 356 3224 εδδ.
375 3168 478 3225 Reiske
500 3173 504 3240 λ
526 3172 620 3226 ἀνεῖλε
640 3170 663 3226 0
682 3187 752 3226 corr.
766 3171 856 3226 Cobet
869 3171 934 3227 Vur.
953 3172 1030 3227 Lect.
1049 3150 1077 3242 ρ’.
1093 3177 1128 3226 35

113 3246 129 3294 9
148 3259 178 3297 σε
198 3242 263 3297 εδδ.
282 3241 305 3294 Β
397 3246 428 3295 11
448 3241 519 3296 ἀλλὰ
542 3241 590 3296 καί
613 3241 705 3312 πατήρ
729 3242 778 3297 καί
801 3243 924 3312 ἀδελφὸς
946 3242 996 3297 καί
1022 3242 1129 3313 τροφὸς

112 3311 160 3364 ταὶ
185 3312 295 3381 ἀδελφή
320 3311 342 3366 0
365 3312 514 3381 praeterB
608 3319 640 3366 16
658 3312 865 3385 <ή>βουλήθην
886 3316 906 3367 Β
999 3320 1031 3368 19
1050 3313 1128 3386 <μο>

112 3381 135 3432 Β
162 3382 311 3502 χάκοντα
329 3381 397 3437 τάδε
415 3382 441 3436 A
522 3388 556 3436 22
575 3383 626 3450 τήν
646 3383 753 3438 add.B
834 3390 869 3438 26
889 3378 918 3449 ἐξ
938 3380 971 3438 οδ
991 3383 1126 3438 Gelenius

113 3445 241 3514 g5120
