2496 3878
174 185 219 249 34
598 211 633 226 -τ
668 183 689 232 Ζ
724 209 759 220 -

175 349 258 412 σίων
275 342 452 430 χρημάτων
466 353 560 408 σίτου
579 341 692 426 ὀλίγης
709 339 823 417 αὐτοῖς
835 338 1064 424 ἀπεμπολῆσαι
1080 345 1187 422 τιμῆς,

175 451 389 526 διδάσκοντες
415 449 461 526 ὡς
488 445 524 514 έκ
550 447 679 514 τούτων
706 446 749 514 ὐν
776 445 928 531 γένοιντο
957 445 1097 531 μάλιστα
1117 455 1186 510 τῶν

174 560 318 645 χαρίτων
350 553 582 640 ἐπιεικέστεραι
620 555 703 640 πρὸς
737 556 817 632 τούς
852 553 1016 638 εὐπόρους
1051 551 1088 616 αἱ
1118 561 1186 617 τῶν

174 666 326 747 πενήτων
340 662 450 747 ὀργαί·
469 660 505 726 οί
521 657 551 726 δ’
569 657 809 746 αὐθαδέστεροι
823 656 879 724 καὶ
898 658 1234 745 ὀλιγαρχικώτεροωεί

147 770 263 855 επάση
280 771 454 855 προθυμίη
470 789 505 833 τε
524 764 579 833 καὶ
598 775 728 852 μηχανῇ
745 774 872 832 κακοῦν
891 763 997 853 ᾤοντο
1021 765 1093 830 δεῖν
1109 767 1189 840 τούς

175 877 374 961 δημοτικοὺς
399 872 455 940 καὶ
482 874 728 958 συνεβούλευον
755 876 863 957 τιμίας
895 871 940 949 ὡς
969 873 1016 938 ἔνι
1048 871 1190 955 μάλιστα

174 990 284 1048 ποιεῖν
306 981 418 1058 αὐτοῖς
440 981 498 1056 τάς
520 978 653 1064 ἀγοράς,
680 979 736 1044 ἵνα
759 975 1025 1063 σωφρονέστεροι
1049 977 1104 1043 διδ
1125 977 1189 1059 τὴν

175 1087 324 1171 ἀνάγκην
354 1084 505 1170 γένοιντο
537 1082 593 1152 καὶ
624 1087 707 1171 πρὸς
737 1085 777 1150 τὰ
809 1084 909 1150 λοιπὰ
936 1092 996 1167 τῆς
1023 1085 1192 1159 πολιτείας

175 1193 286 1258 δίκαια
308 1193 537 1278 νομιμώτεροι.

135 1320 163 1360 ιο
263 1297 353 1362 ΧΧΙ.
381 1298 516 1363 Τούτων
534 1292 577 1381 ἦν
596 1306 662 1362 τῶν
681 1295 902 1382 ὀλιγαρχικῶν
920 1293 976 1361 καὶ
999 1295 1017 1362 δ
1035 1293 1193 1378 Μάρκιος

176 1403 302 1480 ἐκεῖνος
319 1403 337 1469 ὁ
357 1401 563 1488 Κοριολάνος
581 1401 781 1487 ἐπικληθείς,
804 1400 866 1487 οὐχ
889 1402 999 1485 ὥσπερ
1022 1401 1058 1467 οί
1078 1397 1193 1466 λοιποὶ

118 1500 137 1556 >
175 1511 288 1595 κρύφα
309 1506 365 1575 καί
389 1505 433 1573 δι’
461 1508 633 1592 εὐλαβείας
659 1508 721 1592 τὴν
744 1505 865 1574 ἑαυτοῦ
887 1509 1023 1592 γνώμην
1046 1505 1193 1590 άποφαι-

106 1657 134 1727 7
175 1619 331 1700 νύμενος,
363 1611 434 1681 ἀλλ’
466 1615 622 1700 ἄντικρυς
652 1611 709 1680 καὶ
734 1611 902 1699 θρασέως,
935 1615 1018 1680 ὥστε
1044 1615 1195 1688 πολλοὺς
1236 1645 1237 1648 “

177 1719 316 1787 ἀκοῦσαι
338 1717 393 1786 καί
415 1731 483 1786 τῶν
506 1721 703 1806 δημοτικῶν.
746 1715 813 1805 εἶχε
836 1719 899 1805 γάρ
922 1743 1014 1798 τινας
1037 1717 1097 1796 ἔξω
1120 1729 1195 1783 τῶν

137 1845 163 1888 1⁶
176 1836 299 1893 κοινῶν
322 1823 533 1910 ἐγκλημάτων
561 1823 617 1892 καί
641 1827 728 1904 ίδίας
749 1826 932 1912 προφάσεις
952 1822 1072 1892 νεωστὶ
1094 1847 1196 1907 γενο-

176 1931 292 2018 μένας,
320 1930 353 2010 έξ
382 1926 430 1997 ὧν
457 1934 590 2008 είκότως
617 1931 726 1998 ἐδόκει
749 1942 858 2016 μισεῖν
879 1934 959 2010 τούς
981 1931 1197 2016 δημοτικούς.

142 2038 337 2106 2ὐπατείαν
363 2039 427 2124 γάρ
455 2038 543 2124 αὐτῷ
565 2041 711 2122 μετιόντι
736 2048 809 2116 ταῖς
835 2040 969 2122 ἔγγιστα
996 2036 1198 2122 γενομέναις

177 2143 399 2230 ἀρχαιρεσίαις
425 2143 481 2210 καί
507 2147 585 2220 τούς
610 2147 804 2230 πατρικίους
831 2146 940 2229 ἔχοντι
968 2146 1159 2227 συναγωνιζ
1182 2183 1199 2194 -

176 2249 298 2334 μένους
329 2250 347 2316 ὁ
381 2251 484 2333 δῆμος
516 2247 730 2325 έυαντιωθείς
761 2249 823 2314 οὐκ
854 2255 944 2315 είασε
977 2250 1096 2316 δοῦναι
1129 2250 1199 2332 τὴν

136 2377 163 2418 το
177 2355 282 2442 ἀρχὴν
304 2357 366 2439 τήν
383 2378 418 2420 τε
441 2357 653 2441 λαμπρότητα
676 2365 737 2422 τοῦ
759 2354 882 2441 ἀνδρὸς
904 2353 960 2420 καί
981 2356 1043 2438 τὴυ
1063 2357 1199 2438 τόλμαν

178 2460 222 2528 δι’
239 2463 413 2546 εὐλαβείας
432 2463 527 2547 ἔχων,
546 2463 590 2545 μη
609 2485 642 2526 τι
660 2461 716 2526 διδ
728 2471 833 2527 ταῦτα
845 2464 1025 2548 νεωτερίση
1038 2458 1115 2546 περὶ
1129 2462 1200 2544 τὴν

175 2579 243 2634 τῶν
262 2568 440 2653 δημάρχων
456 2567 649 2650 κατάλυσιν,
668 2565 722 2632 καί
741 2567 881 2651 μάλιστα
895 2568 1024 2651 δεδιώς,
1043 2566 1238 2632 &mv-1³

178 2673 363 2756 ελάμβανεν
395 2672 485 2759 αὐτῷ
515 2672 604 2758 πάση
636 2676 810 2760 προθυμίᾳ
838 2674 877 2739 τὸ
909 2684 976 2738 τῶν
1008 2676 1203 2757 πατρικίων

12 2833 13 2838 ,
142 2783 306 2860 3πλῆθος
333 2779 377 2854 ὡς
400 2774 515 2843 οὐδενὶ
544 2789 611 2843 τῶν
633 2780 806 2863 πρότερον.
850 2781 971 2863 ταύτης
992 2775 1019 2844 τ’
1047 2772 1110 2844 οὐν
1133 2788 1204 2862 τῆς

12 2903 13 2962 j
137 2905 163 2946 τε
176 2884 304 2970 ὕβρεως
327 2884 409 2970 ὀργῇ
433 2881 588 2970 ἐπαρθείς
611 2884 630 2950 ὁ
653 2882 737 2970 ἀνὴρ
760 2881 815 2949 καί
836 2884 898 2968 τὴν
920 2884 1106 2968 μεταβολὴν
1131 2895 1205 2950 τοῦ

177 2991 414 3084 πολιτεύματος
440 2991 489 3066 είς
513 2991 572 3056 τὸν
596 2989 628 3068 ἐξ
652 2988 755 3077 ἀρχῆς
776 2993 902 3074 κόσμον
924 2989 1205 3076 ἀποκαταστῆσαι

177 3097 456 3180 προθυμούμενος
482 3095 581 3172 αὐτός
602 3091 632 3160 τ’
658 3095 870 3180 ἀναφανδόν,
900 3097 1009 3181 ὥσπερ
1032 3093 1088 3161 καὶ
1110 3099 1207 3180 πρό-

176 3225 274 3287 τερον
302 3205 403 3286 έφην,
434 3205 570 3287 ἔπραττε
596 3203 657 3287 τὴν
683 3211 745 3268 τοῦ
772 3203 880 3286 δήμου
907 3201 1104 3285 κατάλυσιν,
1138 3200 1207 3266 καὶ

169 3405 174 3414 .
250 3357 431 3427 ΙόλίγοιςΑ
507 3364 541 3412 22
561 3359 660 3422 δεδιὼς
679 3359 734 3415 del.
753 3358 876 3414 Reudler
893 3357 984 3412 Tiroc.
1003 3375 1031 3426 p.
1048 3363 1079 3411 ⁶1
1161 3363 1207 3410 24

179 3428 291 3481 οὐδενί.
310 3427 334 3479 Β
357 3431 361 3498 Ι
381 3427 523 3500 προτέρων
542 3447 565 3484 ο.
583 3429 728 3499 Kiessling
