2538 3884
150 196 217 261 338
575 195 742 249 -Θ-

150 359 237 445 μάχη
261 356 458 442 νικηθέντας
480 355 728 442 ἀπεληλυθέναι
751 361 829 435 τοὺς
850 360 1030 442 πολεμίους
1051 356 1089 423 ἐκ
1114 367 1177 442 τῆς

150 466 260 550 χώρας
289 465 413 549 αὐτῶν,
442 461 498 530 καὶ
528 465 690 549 μηδεμιᾶς
716 475 785 542 τοῖς
812 465 996 550 συμμάχοις
1023 465 1070 528 ἔτι
1095 466 1176 529 δεῖν
1251 472 1253 479 “

150 573 309 656 βοηθείας
331 571 413 636 κατὰ
435 572 472 636 τὸ
494 574 616 656 παρόν·
640 569 659 636 ὁ
682 567 797 654 μέντοι
814 570 964 647 Ναύτιος
986 566 1090 636 οὐδὲν
1115 565 1177 654 ῆτ-

149 700 222 762 τον,
240 674 354 761 ἐπειδὴ
372 677 412 742 τδ
430 674 468 742 ἐν
485 685 524 762 τῆ
544 679 714 764 Τυρρηνία
731 677 906 762 πράγματα
923 681 1032 754 καλῶς
1051 681 1176 762 σφίσιν

109 771 334 884 ξέχώρησεν,
364 781 457 867 ἐξῆγε
484 783 546 866 τῆν
574 781 740 866 στρατιάν.
791 781 943 867 ἐμβαλὼν
971 777 1004 847 δ’
1032 784 1081 859 είς
1107 783 1176 866 τῆν
1256 762 1257 774 ¹

151 889 377 957 Οὐολούσκων
399 889 511 974 χάραν
533 885 589 952 καί
610 888 739 970 πολλὴν
764 887 865 972 αὐτῆς
887 883 1072 964 διεξελθὼν
1095 891 1176 974 ἔρη-

149 1019 214 1080 μον
237 992 430 1081 ἀφειμένην,
453 993 675 1080 ἀνδραπόδων
698 990 759 1078 μὲν
781 990 838 1059 καὶ
858 993 1080 1078 βοσκημάτων
1099 995 1173 1060 ὀλί-

149 1125 220 1185 γων
242 1101 332 1166 πάνυ
356 1100 549 1185 ἐκράτησεν,
578 1100 723 1186 ἀρούρας
746 1097 777 1164 δ’
799 1100 910 1166 αὐτῶν
933 1099 970 1166 ἐν
993 1099 1082 1186 ἀκμῆ
1106 1111 1171 1166 τοῦ
1257 1145 1258 1196 η

149 1208 243 1271 σίτου
267 1207 363 1282 ὄντος
386 1205 554 1292 ἐμπρήσας
574 1204 629 1270 καί
651 1207 736 1270 ἀλλα
755 1205 816 1271 ούιι
839 1205 935 1289 ὀλίγα
953 1217 1022 1272 τῶν
1041 1206 1079 1272 ἐν
1097 1218 1171 1282 τοῖς

109 1338 136 1379 10
149 1311 265 1397 ἀγροῖς
292 1313 525 1397 λωβησάμενος
552 1312 691 1390 οὐδενὸς
717 1312 819 1397 ὁμόσε
845 1322 1034 1398 χωροῦντος
1060 1312 1243 1397 ἀπῆγειειο

149 1420 211 1502 τῆν
244 1419 417 1504 στρατιάν·
458 1427 560 1484 ταῦτα
594 1415 655 1502 μὲν
689 1415 743 1483 ἐπὶ
774 1419 903 1484 τούτων
933 1429 1001 1484 τῶν
1030 1418 1170 1504 ἀνδρῶν

149 1524 309 1613 ἐπράχθη.

216 1631 367 1698 XXXVI.
397 1632 442 1697 Οί
457 1628 495 1697 δὲ
513 1630 745 1716 διαδεξάμενοι
762 1632 902 1709 τούτους
918 1632 1039 1698 ὕπατοι
1053 1626 1171 1708 Αὖλος

148 1736 302 1814 Μάλλιος
323 1736 380 1803 καὶ
402 1739 545 1814 Λεύκιος
569 1739 726 1823 Φούριος,
748 1737 983 1823 ψηφισαμένης
1006 1747 1064 1822 τῆς
1086 1741 1170 1821 βου-

109 1868 135 1909 15
149 1845 208 1923 λῆς
226 1843 286 1906 τὸν
303 1841 417 1928 ἕτερον
436 1844 547 1909 αὐτῶν
565 1845 723 1930 στρατιάν
742 1842 795 1908 ἐπὶ
816 1843 1040 1921 Οὐιεντανοὺς
1059 1845 1170 1928 ἀγειν,

149 1945 379 2031 ἐκληρώσαντο
392 1948 469 2035 περὶ
486 1960 543 2035 τῆς
560 1949 690 2033 ἐξόδου,
707 1950 859 2037 καθάπερ
878 1951 992 2029 αὐτοῖς
1010 1954 1091 2028 ἔθος
1111 1946 1169 2034 ῆν.
1259 1956 1260 2033 λ

148 2050 204 2118 καὶ
233 2055 345 2138 λαχὼν
370 2054 525 2132 Μάλλιος
552 2053 645 2139 ἐξῆγε
672 2057 730 2134 τὰς
757 2057 916 2142 δυνάμεις
943 2057 999 2122 διὰ
1026 2055 1169 2141 ταχέων,
1259 2043 1260 2054 ¹

148 2157 203 2224 καὶ
225 2163 368 2245 πλησίον
390 2171 458 2227 τῶν
479 2163 647 2245 πολεμίων
668 2161 1039 2250 κατεστρατοπέδευσεν.
1076 2163 1113 2228 ολ
1129 2159 1168 2227 δὲ

150 2266 348 2334 Οὐιεντανοὶ
371 2272 531 2354 τειχήρεις
552 2270 728 2352 γενόμενοι
750 2265 831 2345 τέως
853 2265 914 2353 μὲν
936 2268 1091 2353 ἀντεῖχον
1110 2267 1168 2334 καὶ

108 2401 135 2442 20
149 2373 423 2460 διεπρεσβεύοντο
450 2376 535 2458 πρός
559 2396 595 2438 τε
621 2375 680 2450 τὰς
706 2376 809 2451 ἄλλας
834 2375 892 2451 τὰς
915 2373 952 2440 ἐν
979 2378 1169 2460 Ίὶιρρηνοῖς

148 2480 261 2556 πόλεις
292 2477 348 2546 καὶ
376 2481 460 2566 πρὸς
488 2482 567 2557 τοὺς
595 2478 715 2545 νεωστὶ
745 2483 1021 2565 συμμαχήσαντας
1050 2479 1169 2557 αὐτοῖς

149 2588 337 2669 Σαβίνους,
367 2587 530 2669 βοήθειαν
562 2583 732 2662 ἀξιοῦντες
760 2585 953 2653 ἀποστεῖλαι
982 2589 1078 2671 σφίσι
1108 2588 1167 2651 διὰ

106 2704 129 2767 2
147 2689 282 2774 ταχέων.
328 2691 373 2768 ὡς
395 2688 426 2757 δ’
452 2690 608 2758 ἁπάντων
630 2691 858 2777 ἀπετύγχανον
880 2691 936 2758 καὶ
959 2694 1017 2770 τὰς
1038 2695 1167 2778 τροφάς

149 2794 419 2883 ἀπαναλώκεσαν,
435 2799 501 2866 ὑπὸ
520 2807 577 2884 τῆς
590 2799 735 2882 ἀνάγκης
750 2803 824 2881 [τοῦ
837 2803 950 2884 λιμοῦ]
965 2796 1166 2884 βιασθέντες

106 2933 133 2972 25
149 2901 292 2987 ἐξῆλθον
310 2903 355 2979 ὡς
371 2906 431 2970 τὸν
448 2905 589 2990 ύπατον,
612 2905 775 2990 ἱκετηρίας
792 2903 951 2990 φέροντες
969 2906 1005 2972 οί
1019 2909 1166 2991 πρεσβύ-

147 3011 243 3075 τατοί
266 3005 294 3074 τ’
322 3008 432 3075 αὐτῶν
454 3009 510 3076 καί
532 3013 736 3098 τιμιώτατοι,
760 3010 836 3097 περὶ
858 3012 1067 3090 καταλύσεως
1091 3013 1166 3078 δεό-

218 3234 317 3295 4ἐπεὶ
334 3239 357 3293 Β
377 3241 382 3310 Ι
402 3247 436 3311 τῆ
455 3238 557 3295 add.B
647 3238 759 3294 8πάνν
779 3239 886 3294 add.B
973 3243 1008 3294 14
1027 3240 1166 3310 φρούριος

147 3310 199 3364 ΑΒ
219 3313 248 3365 et
266 3327 351 3382 saepe
415 3319 448 3368 16
467 3303 503 3378 ἦν
522 3306 590 3372 ἔθος
608 3309 631 3363 Β
694 3316 729 3364 20
748 3309 1003 3384 διεπρεσβεύον<το
1021 3310 1094 3380 πρός
1112 3331 1142 3366 τε

145 3381 335 3520 Ξίὶχερῗὶῃρεοπ.
445 3388 478 3437 22
497 3381 661 3435 ἀποστεῖλαι
679 3397 733 3436 om.
752 3382 778 3436 A
884 3388 920 3436 24
937 3390 987 3436 τοῦ
1006 3385 1089 3453 λιμοῦ
1109 3311 1165 3438 δεῖ.
