2538 3884
549 189 785 264 --Θ-7
1072 185 1137 252 359

191 346 428 413 XXXXVIIII.
463 346 520 427 Ὡς
549 346 580 414 δ’
611 345 712 414 οὐδὲν
739 347 865 433 ἐγίνετο
892 348 1008 436 πέρας,
1038 346 1138 436 χωρίς

123 441 285 532 ἑκάστους
307 453 551 539 ἀπολαμβάνων
575 455 593 521 ὁ
612 457 779 540 Κοίντιος,
801 455 879 533 τούς
896 478 930 521 τε
949 456 1138 541 δημάρχους

122 558 179 626 καὶ
203 562 263 627 τὸν
278 558 432 645 Ἄππιον,
454 560 560 628 ἐδεῖτο
583 559 638 626 καὶ
661 560 808 648 ἐλιπάρει
825 559 880 627 καὶ
898 562 938 627 τὰ
956 562 1053 627 κοινά
1070 571 1137 626 τῶν

121 668 224 733 ίδίων
245 665 484 753 ἀναγκαιότερα
501 668 657 752 ἡγεῖσθαι
676 667 779 753 ἠξίου.
816 668 905 755 ὀρῶν
925 664 962 732 δέ
978 669 1059 745 τοὺς
1076 663 1137 751 μέν

121 774 188 858 ἤδη
212 771 467 860 πεπειροτέρους
488 777 682 859 γεγονότας,
709 776 769 840 τὸν
792 770 830 840 δὲ
853 774 1060 861 συνάρχοντα
1083 770 1137 850 ἐπὶ
1164 794 1178 836 ε

97 889 181 963 ’τῆς
208 879 310 964 αὐτῆς
337 879 519 957 αὐθαδείας
545 878 688 964 μένοντα
713 883 824 946 πείθει
847 883 924 958 τοὺς
946 876 1031 964 ἀμφὶ
1054 881 1138 944 Λαι-

120 986 264 1072 τώριον,
290 982 373 1072 ὑπὲρ
402 985 558 1053 ἁπάντων
583 997 651 1052 τῶν
672 983 701 1051 τ’
730 988 826 1053 ίδίων
849 985 1060 1072 ἐγκλημάτων
1082 984 1138 1051 καὶ

120 1101 191 1157 τῶν
222 1093 392 1177 δημοσίων
421 1093 483 1177 τὴν
510 1093 637 1177 βουλὴν
663 1103 799 1178 ποιησαι
825 1097 953 1179 κυρίαν.
1004 1090 1074 1158 ἐπεὶ
1101 1087 1173 1163 δέ2

41 1207 223 1267 λειστοῦτο
247 1197 454 1286 διεπράξατο,
478 1199 650 1265 συνεκάλει
673 1200 734 1283 τὴν
757 1201 884 1284 βουλὴν
906 1197 961 1265 καί
984 1201 1063 1276 τοὺς
1081 1200 1138 1283 δη-

122 1306 273 1392 μάρχους
293 1307 400 1372 πολλά
418 1303 592 1384 ἐπαινέσας
609 1303 743 1372 καὶτοῦ
763 1306 986 1392 συνάρχοντος
1004 1303 1138 1390 δεηθεὶς
1152 1327 1178 1366 ιο

122 1412 167 1496 μὴ
197 1409 428 1497 ἀντιπράττειν
455 1419 494 1496 τῇ
523 1415 669 1499 σωτηρία
695 1420 753 1495 τῆς
779 1413 905 1488 πόλεως
930 1411 1038 1476 ἐκάλει
1060 1412 1139 1487 τοὺς

121 1519 287 1594 εἰωθότας
313 1516 561 1602 ἀποφαίνεσθαι
589 1519 731 1601 γνώμας.
781 1528 910 1604 πρῶτος
937 1513 975 1582 δέ
1002 1514 1172 1602 κληθεὶς3

122 1626 276 1701 Πόπλιος
309 1621 491 1710 Οὐαλέριος
525 1626 739 1702 Ποπλικόλας
774 1625 910 1709 γνώμην
946 1622 1137 1708 ἀπεφήνατο

121 1732 237 1815 τήνδε·
268 1729 330 1795 ὅσα
357 1725 418 1814 μὲν
445 1729 600 1815 ἀλληλοις
628 1729 826 1814 ἐγκαλοῦσιν
853 1731 947 1796 οἵτε
975 1731 1138 1817 δήμαρχοι

122 1835 177 1902 καὶ
206 1837 225 1902 ὁ
253 1835 392 1919 ὕπατος,
419 1833 503 1922 ὑπὲρ
527 1830 574 1902 ὧν
597 1837 726 1904 ἐπαδον
749 1836 770 1921 ἦ
794 1839 937 1924 ἔδρασαν
960 1835 997 1902 ἐν
1020 1845 1059 1922 τῇ
1083 1858 1178 1901 voc-15

123 1951 221 2028 ραχῇ,
244 1940 357 2026 ἐπειδὴ
382 1942 443 2008 οὐκ
466 1941 498 2021 έξ
523 1941 703 2029 ἐπιβουλῆς·
719 1939 791 2009 οὐδ’
810 1944 932 2020 οἰκείας
949 1941 1139 2020 πλεονεξίας

122 2047 237 2114 ἕνεκεν
260 2051 307 2125 είς
330 2049 413 2113 αὐτὰ
430 2047 644 2134 κατέστησαν,
668 2047 739 2114 ἀλλ’
761 2050 827 2114 ὑπὸ
845 2057 902 2131 τῆς
920 2049 967 2124 είς
983 2049 1024 2113 τὰ
1041 2049 1139 2134 κοινά

121 2157 328 2239 φιλοτιμίας,
355 2152 515 2239 ἀφεῖσθαι
545 2152 764 2243 δημοσίᾳκαὶ
786 2155 950 2239 μηδεμίαν
973 2148 1057 2238 ὑπὲρ
1080 2153 1139 2217 αὐ·

121 2270 190 2326 τῶν
215 2256 301 2326 εἶναι
324 2261 434 2346 δίκην·
458 2258 534 2347 περὶ
557 2257 594 2327 δὲ
617 2270 677 2327 τοῦ
699 2263 818 2344 νόμου,
841 2257 954 2343 ἐπειδὴ
977 2258 1139 2336 όῧπατος

119 2355 289 2448 [Ἄππιος]
314 2366 376 2432 οὐκ
398 2365 437 2456 ἐᾷ
460 2371 566 2452 νόμον
589 2365 858 2453 ἀπροβούλευτον
879 2365 926 2441 είς
943 2365 1005 2449 τὴν
1024 2362 1137 2448 ἐκκλη-
1151 2386 1178 2426 ω

124 2477 202 2539 σίαν
227 2471 390 2559 ἐκφέρειν,
412 2477 658 2559 προβουλεῦσαι
681 2467 742 2556 μέν
765 2469 841 2566 περὶ
863 2471 983 2536 τούτου
1001 2472 1039 2536 τὸ
1059 2487 1138 2536 συν-

123 2582 253 2665 έδριου·
272 2582 350 2656 τοὺς
368 2574 406 2644 δὲ
425 2579 613 2666 δημάρχους
632 2579 698 2662 άμα
716 2587 785 2655 τοῖς
799 2577 937 2654 ὑπάτοις
950 2573 1137 2660 ἐπιμέλειαν

121 2689 329 2769 ποιήσασθαι
352 2694 409 2770 τῆς
430 2683 467 2750 δ’
490 2685 647 2769 ὁμονοίας
667 2695 735 2750 τῶν
757 2687 914 2768 πολιτῶν,
936 2683 1017 2750 ὅταν
1036 2682 1057 2766 ἡ
1075 2691 1139 2768 ψῆ-

123 2816 188 2877 φος
211 2788 287 2878 περὶ
310 2791 413 2858 αὐτοῦ
437 2788 644 2877 διαφέρηται,
667 2788 722 2855 καί
744 2799 801 2875 τῆς
823 2789 1007 2874 εὐκοσμίας.
1049 2788 1174 2857 ἔται-4

53 2898 295 2966 1877νεσάντων
318 2894 356 2963 δέ
378 2897 439 2981 τὴν
462 2897 598 2981 γνώμην
616 2896 773 2962 ἁπάντων
791 2895 895 2974 εὐδὺς
913 2891 1058 2962 ἀνέδωκε
1077 2897 1138 2980 τὴν
1151 2917 1178 2958 ω

121 3000 209 3090 ὑπὲρ
234 3012 296 3068 τοῦ
318 3004 424 3087 νόμου
447 3011 562 3087 ψῆφον
585 3002 603 3069 ὁ
627 3004 783 3080 Κοίντιος
804 3011 850 3090 τςό
874 3003 1055 3091 συνεδρίω,
1082 2998 1138 3066 καί

121 3109 230 3176 πολλὰ
262 3105 323 3194 μὲν
351 3105 491 3174 Ἀππίου
522 3111 826 3194 κατηγορήσαντος,
862 3109 968 3174 πολλά
1001 3102 1039 3171 δὲ
1070 3116 1138 3172 τῶν

196 3306 229 3354 11
244 3299 279 3354 τὰ
292 3298 454 3371 σωτήριοιΑ
498 3305 531 3355 17
545 3298 616 3370 ὑπὲρ
631 3300 654 3355 Ο
668 3299 724 3354 ὑπὸ
740 3297 862 3368 Sylburg
906 3303 938 3354 18
953 3296 1138 3372 άφ<εἴσ>δαι

122 3370 146 3425 Β
237 3377 272 3424 20
292 3369 405 3434 ’Ἄππιος
428 3371 483 3427 del.
503 3369 592 3426 Cobet
615 3369 680 3427 obs.
703 3390 731 3441 p.
752 3376 803 3426 183
894 3375 928 3423 21
952 3368 1003 3439 μὲν
1028 3369 1092 3424 add.
1112 3369 1138 3422 A

123 3447 157 3497 22
181 3439 231 3498 ὑπ’
253 3443 349 3505 αὐτοῖς
367 3444 413 3495 Ba
435 3440 552 3504 ὑπάτοις
570 3441 595 3495 R
