2508 3882
151 221 218 284 210
576 217 743 266 “H-

153 383 298 465 ηνεγκαν
321 380 509 465 χρημάτων,
531 377 763 444 ἀνατεθέντων
785 370 813 438 τ’
841 371 951 436 αὐτῶν
971 361 1169 450 ἀμφοτέρων

152 488 220 572 ἀμα
243 485 280 551 ἐν
301 493 341 571 τῃ
365 486 478 572 πρώτῃ
501 494 558 568 τῆς
576 481 782 567 ἀνιερώσεως
798 474 916 564 ἡμέρᾳ,
937 472 1085 557 θάτερον
1103 478 1169 534 τῶν

153 591 411 678 ἀφιδρυμάτων,
438 589 456 654 δ
479 581 760 654 κατεσκευάσανθ’
788 585 825 649 αί
849 589 1020 666 γυναῖκες,
1048 572 1171 660 ἐφθέγ-

154 696 231 776 ξατο
263 703 397 764 πολλῶν
432 705 612 780 παρουσῶν
644 694 772 777 γλώττῃ
804 691 932 774 Λατίνῃ
964 683 1084 771 φωνην
1116 679 1171 744 εῦ-

127 805 295 870 εσύνετόν
323 827 358 870 τε
384 800 439 868 καλ
466 803 630 887 γεγωνόν·
657 793 697 882 ἧς
725 797 793 863 ἐστι
819 803 933 881 φωνῆς
956 789 1172 874 ἐξερμηνευό·

154 935 253 995 μενος
272 910 290 977 ὁ
309 917 390 986 νοῦς
407 909 455 986 είς
472 909 533 992 την
546 905 690 971 Ἐλλάδα
715 903 887 969 διάλεκτον
909 898 1056 965 τοιόσδε·
1070 891 1171 980 Ὀσίφ

119 1019 280 1092 3πόλεως
306 1018 399 1102 νόμῳ
427 1024 581 1097 γυναῖκες
607 1007 745 1096 γαμεταὶ
772 1003 938 1074 δεδώκατέ
959 1026 1009 1088 με.
1055 990 1110 1066 οἶα
1133 994 1237 1063 δὲιεει

154 1127 248 1206 φιλεῖ
277 1123 432 1203 γίνεσθαι
463 1117 540 1205 περὶ
573 1119 632 1196 τάς
663 1113 871 1203 παραδόξους
901 1109 1018 1198 φωνάς
1048 1129 1083 1173 τε
1116 1102 1173 1170 καὶ

155 1229 263 1308 ὄψεις,
294 1227 400 1310 πολλὴ
428 1236 501 1303 ταῖς
528 1225 712 1310 παρούσαις
744 1219 917 1288 ἐνέπιπτεν
943 1215 1095 1295 ἀπιστία,
1126 1214 1173 1295 μή

115 1351 141 1390 10
153 1328 227 1398 ποτ’
256 1331 296 1397 οὐ
319 1332 356 1396 τὸ
379 1330 501 1409 ξόανον
520 1337 571 1416 είη
590 1333 627 1397 τὸ
644 1327 892 1416 φθεγξάμενον,
914 1321 1114 1409 ἀνθρωπίνη
1134 1314 1177 1380 δέ

154 1461 204 1515 τις
226 1440 336 1523 φωνή·
364 1437 506 1523 μάλιστα
534 1435 564 1503 δ’
593 1437 668 1502 ὅσαι
697 1437 780 1521 πρὸς
803 1435 892 1522 ἀλλςο
915 1428 982 1497 τινὶ
1004 1429 1064 1492 τὸν
1086 1431 1175 1488 νοῦν

154 1545 289 1628 ἔχουσαι
315 1553 494 1628 τηνικαῦτα
528 1546 669 1633 ἔτυχον,
695 1541 758 1607 οὐκ
790 1541 922 1605 ἰδοῦσαι
954 1538 991 1602 τὸ
1023 1531 1176 1618 φθεγγό-

154 1673 268 1733 μενον,
291 1649 310 1714 ὅ
333 1673 365 1715 τι
387 1645 464 1716 ποτ’
488 1644 543 1733 ἦν,
565 1650 689 1732 ταύτην
713 1642 804 1732 είχον
822 1646 883 1729 τὴν
901 1645 984 1728 πρὸς
1002 1639 1060 1715 τάς
1080 1635 1175 1701 ἰδού-

155 1769 215 1829 σας
241 1753 405 1821 ἀπιστίαν.
452 1752 550 1820 ἔπειτ’
577 1750 679 1831 αὖθις
704 1751 917 1836 πληθύοντος
944 1756 1005 1812 τοῦ
1028 1743 1093 1810 νεὼ
1117 1739 1177 1806 καὶ

116 1875 141 1915 1⁵
156 1868 281 1942 σιωπῆς
307 1863 460 1944 πλείστης
491 1862 573 1925 κατά
601 1861 744 1944 δαίμονα
772 1853 953 1940 γενομένης
981 1850 1018 1916 ἐν
1046 1851 1176 1934 μείζονι

154 1972 250 2049 φωνῇ
274 1965 374 2030 ταῦτὸ
398 1964 519 2044 ξόανον
543 1963 727 2050 ἐφθέγξατο
751 1964 813 2047 την
831 1961 942 2044 αὐτὴν
964 1956 1066 2039 λέξιν,
1087 1954 1176 2018 ὥστε

117 2064 259 2153 4μηδὲν
286 2071 333 2135 ἔτι
360 2065 447 2136 εἶναι
472 2074 510 2137 τὸ
538 2071 735 2156 ἀμφίλογον.
780 2065 888 2154 ἡμὶν
911 2061 974 2132 οὖν
996 2062 1103 2149 βουλὴ
1129 2059 1178 2136 ῶς

154 2172 244 2240 ταῦτ’
271 2178 395 2260 ἔμαθεν
418 2175 601 2260 ἐψηφίσατο
623 2179 746 2253 θυσίας
769 2177 872 2251 ἀλλας
894 2169 950 2238 καὶ
973 2167 1178 2255 σεβασμούς,

155 2280 214 2356 οὓς
236 2280 278 2345 ἀν
302 2282 337 2346 οί
356 2291 424 2346 τῶν
443 2283 542 2368 ίερῶν
562 2279 715 2373 ἐξηγηταὶ
738 2282 914 2368 παραδῶσι
932 2273 1009 2342 καθ’
1033 2274 1177 2340 ἕκαστον

115 2401 141 2439 2⁰
155 2385 227 2460 έτος
250 2384 419 2451 ἐπιτελεῖν.
458 2387 503 2450 1αί
524 2383 561 2451 δὲ
583 2399 738 2468 γυναῖκες
766 2385 803 2451 ἐν
831 2387 905 2450 ἔθει
931 2384 1241 2466 κατεστήσαντοιεεν

154 2496 193 2571 τῇ
223 2498 281 2571 τῆς
311 2492 429 2576 ἱερείας
457 2492 662 2575 χρησάμεναι
690 2494 823 2577 γνώμῃ,
853 2499 899 2578 τῷ
929 2487 1038 2578 ξοάνῳ
1066 2487 1177 2575 τούτῳ

155 2595 236 2673 μητε
254 2595 441 2676 στεφάνους
459 2592 643 2660 ἐπιτιθέναι
662 2600 743 2682 μήτε
761 2608 874 2683 χεῖρας
891 2592 1098 2681 προσφέρειν
1117 2617 1179 2676 γν-

154 2706 280 2776 ναῐκας,
304 2697 379 2761 ὅσαι
402 2697 567 2783 δευτέρων
586 2698 813 2786 ἐπειράθησαν
831 2703 961 2787 γάμων,
984 2702 1046 2785 την
1067 2696 1106 2765 δὲ
1129 2722 1179 2764 τι-

155 2795 221 2876 μὴν
252 2797 308 2860 καὶ
339 2803 522 2882 θεραπείαν
554 2801 657 2865 αὐτοῦ
690 2816 801 2874 πᾶσαν
838 2807 1071 2878 ἀποδεδόσθαι
1105 2814 1180 2880 ταῖς

115 2914 142 2954 ²⁵
155 2899 338 2984 νεογάμοις·
384 2901 467 2967 ἀλλά
489 2901 564 2990 περὶ
582 2901 644 2988 μὲν
662 2909 792 2976 τούτων
812 2914 890 2979 οὔτε
910 2917 1097 2998 παρελθεῖν
1115 2911 1179 2994 τὴν

156 3000 331 3089 ἐπιχώριον
351 3006 499 3091 ίστορίαν
517 3012 624 3083 καλῶς
643 3003 744 3096 εἶχεν,
768 3018 844 3082 οὔτε
863 3022 1004 3084 πλείονα
1024 3015 1102 3103 περὶ
1119 3015 1179 3080 αὐ-

209 3228 461 3285 3*κατεσκεῦασαν
473 3231 495 3287 Ο
510 3229 754 3289 κατεσκευάσαντο
764 3237 911 3311 Kiessling
925 3240 1174 3299 κατεσκευάσανθ’

154 3312 206 3364 ego
279 3306 295 3354 5
314 3301 475 3376 γεγωνό<ς>
492 3303 516 3356 Β
590 3306 605 3355 7
626 3302 782 3377 δεδώκατε]
803 3307 939 3379 ίερώκατε
960 3331 982 3370 ο.
1005 3314 1099 3369 Cobet
1112 3312 1177 3367 Obs.

153 3374 252 3487 1351ssss
329 3379 361 3427 12
375 3371 574 3494 {OffofiomB
656 3375 689 3423 21
710 3381 744 3442 τῇ
763 3377 870 3434 add.B
951 3391 987 3439 22
1008 3381 1179 3453 ἐπιτεθῆναι

212 3442 357 3496 πιτιθέναι
403 3445 493 3499 udson
